2632 4612
332 264 351 299 ο
399 248 812 321 urnrrnnaonn.
1118 258 1166 350 49

422 419 495 483 111.
519 419 550 483 N
557 420 795 486 YMPHAEA.

127 583 304 661 Nymphae
331 599 377 656 sp.
407 583 527 641 Tounn.
554 584 624 639 Lm.
651 585 728 644 Juss.
756 584 832 641 Lus.
849 584 1165 662 —Leuconympbaea.

172 668 296 721 Boane.
312 664 430 740 lugdaeb.
449 661 518 734 364.
532 696 570 709 -·
580 666 715 723 Castalia.
731 668 799 724 Sia.
811 686 883 722 ann.
897 667 954 723 boe.
978 687 1005 724 a.
1013 689 1047 742 p.
1061 687 1110 746 71.
1126 701 1166 718 -

170 746 348 820 Nymphaia.
362 747 389 802 N
393 764 461 803 sca.
474 750 558 803 elem.
572 747 599 801 3.
616 767 645 805 n.
660 746 746 805 1828.
761 752 870 806 Sarra.
882 751 972 824 prod.
982 748 1024 826 fl
1031 772 1121 825 groec.
1136 772 1165 809 1.

160 850 202 904 p.
215 824 289 885 361.
302 830 396 884 Rieu.
410 831 492 884 anal.
509 825 641 906 69.A1r.
658 832 738 885 Ilew.
753 831 798 887 ed.
812 847 841 889 a.
854 850 884 888 o.
898 829 926 888 3.
935 851 970 904 p.
995 849 1065 913 292.
1082 835 1166 912 (non

166 909 280 966 Boerk.
293 910 396 965 δἀἱίεό.
408 907 420 988 )

92 1045 218 1110 Proca.
241 1041 348 1130 Calyx
375 1041 547 1129 l·sepalus
572 1040 757 1128 marginem
786 1042 851 1105 tori
877 1042 1025 1132 cingens.
1052 1045 1165 1112 Petala

54 1135 156 1199 16-28
176 1149 257 1198 toro
277 1133 368 1196 circi
385 1131 495 1195 oraria
516 1129 644 1194 elevato
669 1147 702 1195 et
728 1151 765 1193 ea
791 1131 969 1219 obtegente
986 1134 1108 1200 adnata
1131 1155 1165 1202 et

52 1224 133 1288 ideo
147 1223 256 1310 prima
267 1221 381 1285 fronte
395 1220 511 1285 orario
526 1220 769 1288 insertastam.
786 1247 818 1282 00
835 1221 940 1285 simili
952 1223 1054 1287 modo
1065 1231 1165 1314 supra

55 1313 170 1414 petala
186 1312 331 1391 inserta,
346 1310 591 1375 multiserialia.
617 1310 769 1397 Carpella
796 1311 893 1377 16-20
910 1312 1166 1380 membranacea

62 1417 147 1464 intra
156 1417 270 1465 torum.
284 1401 449 1490 Stigmata
461 1398 604 1464 totidem
617 1401 770 1490 peltatim
786 1399 922 1466 radiata.
935 1401 968 1466 N
969 1403 1131 1468 octarium
1147 1429 1162 1471 1

59 1507 170 1555 centro
182 1490 347 1580 stigmatis
356 1491 470 1555 sessile
482 1489 780 1581 ovatoglobosum.

98 1581 180 1645 Vno.
203 1581 326 1646 Herbae
336 1581 506 1668 aquaticae.
520 1580 686 1646 Rhizoma
703 1602 880 1645 carnosum
896 1581 1050 1646 radicans
1073 1584 1167 1648 hori-

55 1671 196 1736 zontale.
210 1670 335 1735 Petioli
354 1669 586 1735 Pedunrulive
613 1687 732 1736 teretes
758 1670 927 1760 usquead
951 1671 1167 1762 superficiem

54 1778 109 1824 aut
120 1761 225 1850 paulb
243 1763 344 1849 supra
359 1760 526 1850 elongati,
541 1761 632 1825 inuis
648 1761 777 1827 lacunis
793 1760 957 1826 cellulosi.
979 1763 1073 1827 Folia
1090 1785 1167 1827 cor·
1259 1770 1263 1777 ⁴

56 1849 128 1914 data
148 1868 208 1914 aut
223 1850 367 1939 peltata,
382 1850 600 1940 integerrima
626 1868 684 1915 aut
705 1850 1001 1933 sinuato-dentata,
1018 1854 1177 1927 natantia,

55 1957 110 2004 aut
129 1957 278 2019 exserta,
297 1940 368 2005 fere
385 1961 517 2029 semper
531 1940 663 2028 glabra,
674 1945 750 2006 raro
770 1941 828 2028 (et
842 1958 923 2005 tunc
937 1941 1079 2030 subtus)
1103 1966 1167 2030 pu·
1264 1980 1267 1987 ·

57 2028 236 2097 bescentia.
249 2029 364 2095 Flores
377 2032 494 2120 ampli,
509 2030 595 2115 albi,
610 2032 717 2115 rosei,
733 2032 829 2097 rubri
846 2048 905 2097 aut
916 2032 1063 2114 coerulei,
1077 2055 1169 2097 nun·

58 2124 155 2207 quam
174 2120 281 2202 luteis

97 2211 173 2274 Oxs.
197 2209 359 2274 Linnaeus
390 2209 451 2298 qui
480 2209 516 2274 in
547 2210 668 2277 ordine
701 2233 762 2277 suo
793 2235 848 2276 arv
871 2211 1168 2278 Miscellanearum
1288 2226 1291 2235 '

61 2299 198 2364 inseruit
209 2300 430 2388 Nympbaeam
439 2316 472 2365 et
480 2302 688 2387 notavitejus
700 2325 778 2366 cum
788 2302 955 2391 Papavere
967 2300 1170 2368 affinitatem

60 2389 296 2454 verosimiliter
309 2412 350 2453 ex
364 2391 546 2479 Nymphaea
557 2396 617 2456 sua
628 2393 716 2457 lutel
729 2414 788 2457 seu
798 2392 829 2456 N
832 2392 959 2480 uphare
970 2392 1168 2472 deductam,

63 2476 263 2569 deindeipse
275 2479 449 2567 (monente
458 2481 500 2545 cl.
511 2482 714 2570 Smithio)in
727 2505 788 2546 suo
803 2483 1034 2573 manuscripto
1043 2482 1171 2547 delerit

64 2564 143 2633 banc
179 2570 308 2633 brasim
318 2585 353 2635 et
361 2571 489 2635 notavit
500 2569 699 2636 affinitatem
716 2594 794 2636 cum
808 2575 911 2637 Asaro
926 2595 967 2636 ex
982 2573 1168 2661 Nymphaeal

68 2656 130 2721 alba
170 2658 338 2725 eductam.
1127 2689 1133 2699 ·

103 2749 175 2813 Dav.
200 2749 317 2813 Genus
336 2750 434 2815 facile
450 2772 490 2815 ex
505 2750 625 2814 habitu
638 2767 671 2815 et
683 2749 905 2815 caracteribus
917 2751 952 2813 in
969 2751 1134 2816 sectiones
1148 2750 1167 2815 3

10 2840 14 2877 ¹
71 2838 224 2903 naturales
240 2838 352 2903 dividi
368 2856 497 2930 potest,
511 2843 655 2929 nempe:

70 2923 93 2988 l.
112 2928 260 2994 Crinas.
283 2929 442 2994 Antberae
462 2930 558 3019 apice
579 2929 775 3020 productae:
792 2927 890 2994 flores
910 2929 1066 2994 caerulei:
1085 2928 1168 2994 folia

106 3019 225 3104 peltata
246 3019 377 3109 integra
385 3065 994 3087 ...................
1017 3021 1071 3108 Sp.
1099 3018 1168 3085 1-5.

72 3100 105 3166 ll
124 3107 238 3173 Loros.
263 3108 422 3176 Antherae
439 3111 535 3200 apice
557 3135 626 3177 non
653 3109 957 3201 produotaetllores
987 3109 1056 3174 albi
1079 3111 1169 3175 rosei

106 3214 160 3261 aut
169 3197 281 3263 rubri:
292 3199 372 3263 lolia
384 3201 505 3288 peltata
519 3202 648 3292 integra
661 3219 720 3266 aut
730 3205 845 3290 argute
855 3201 1001 3280 dentata.
1013 3200 1069 3288 Sp.
1078 3199 1168 3264 6·12.

74 3279 120 3346 lll.
140 3288 313 3354 Cassam.
337 3291 494 3367 nutherae
517 3293 614 3381 apice
640 3314 709 3355 non
741 3291 933 3380 productae:
958 3288 1056 3354 llores
1076 3288 1168 3357 albi;

107 3373 184 3441 lolia
195 3377 431 3468 cordata(neo
442 3381 607 3472 peltata),
622 3381 852 3471 integerrima.
877 3430 886 3447 .
910 3430 918 3446 .
942 3430 950 3446 .
974 3381 1028 3469 Sp.
1056 3378 1168 3464 13·19.

448 3520 535 3586 Sect.
560 3544 583 3586 1.
607 3543 774 3586 crinas.

109 3658 260 3726 luthere
283 3659 379 3748 apice
395 3657 575 3748 'productae
599 3657 657 3745 (ι).
687 3658 805 3722 Flores
835 3655 1088 3722 coerulescentes
1111 3670 1169 3718 aut

77 3747 201 3813 cerulei.
214 3749 312 3817 Folia
324 3749 465 3837 peltata,
479 3749 609 3837 integra
619 3764 678 3811 aut
691 3748 811 3811 obtuse
823 3748 966 3811 sinuata.

79 3871 469 3900 hu—-n-——n

98 3932 131 4045 51]
145 3940 192 4001 lloc
203 3951 324 3988 caractere
340 3939 445 4017 Cyaneae
461 3938 576 3985 accedunt
589 3937 619 3983 ad
632 3936 784 4014 Nelumbium
798 3939 873 4000 magis
881 3935 952 4000 quim
964 3936 1014 3983 aliae
1024 3936 1174 3998 Nymphon·

78 4012 97 4041 ω
116 4007 262 4056 exstincturi
272 4004 363 4056 tructus
373 4006 469 4087 omnino
483 4004 513 4053 ad
526 4003 678 4069 Nymphaeum
685 4012 817 4066 pertinent.

119 4115 151 4166 ¹1·
975 4095 999 4177 l
