2632 4612
73 252 758 283 mmmfflfflhm
763 253 1163 277 *mmmm

357 422 517 500 ORDO
554 421 852 498 SEPTIMUS.
892 473 896 483 ·

237 588 248 603 '
307 621 915 737 roborantem.

128 808 435 872 Renuncnlacearum
445 849 454 879 ,
464 810 773 884 Papaveracearumve
784 829 850 889 gen.
864 812 983 871 Acron.

97 969 175 1032 Gan.
200 989 292 1030 nm.
317 961 434 1052 Sepala
454 960 520 1040 3-4.
542 962 653 1027 Petala
674 964 910 1029 1·00·serialia.
928 967 1028 1030 Stam.
1045 966 1164 1056 petalis

61 1080 196 1122 numero
233 1054 379 1143 aequalia
404 1068 462 1117 aut
486 1052 699 1140 multiplicia.
732 1053 891 1118 Antherae
918 1057 1003 1119 rimd
1033 1057 1163 1146 duplici

62 1146 280 1212 dehiscentes.
292 1144 403 1208 Totus
417 1164 486 1205 non
501 1141 689 1230 ampliatus.
709 1142 829 1206 Oraria
847 1166 973 1210 l·2·00.
988 1182 1032 1197 —
1045 1148 1165 1214 Herbae

61 1237 151 1302 loliis
162 1234 334 1325 petiolatis
349 1231 569 1323 peltinerviis.

104 1328 230 1390 Fauor.
251 1323 351 1412 Gelyx
366 1322 595 1412 3-4·sepalus,
610 1322 731 1410 sepalis
747 1321 901 1388 deciduis
912 1340 971 1388 aut
986 1325 1165 1414 persisten-

66 1415 172 1498 tibus,
187 1416 270 1504 saepe
290 1412 501 1504 petaloideis.
527 1412 638 1476 Petala
665 1413 813 1500 simplici
841 1413 972 1503 duplici
996 1416 1164 1504 triplicive

63 1505 146 1569 serie
172 1503 359 1594 disposita,
375 1503 462 1567 serie
480 1505 614 1590 quelque
636 1502 826 1590 sepalorum
857 1526 1001 1569 numero
1023 1506 1165 1594 aequali,

101 1594 176 1658 talis
197 1593 300 1659 seriei
323 1609 469 1661 externae
491 1615 568 1656 cum
588 1593 710 1681 sepelis
733 1594 988 1658 alternantibus.
1015 1597 1166 1660 Stamina

57 1617 253 1774 lipogyna,
268 1684 389 1772 petalis
402 1704 546 1746 numero
559 1682 700 1769 aequalia
716 1700 750 1746 et
768 1699 849 1748 tunc
864 1685 905 1748 iis
922 1685 1075 1774 opposita
1088 1701 1168 1767 ,aut

62 1773 161 1863 dupla
191 1774 295 1863 tripla
314 1771 586 1861 multiplicium,
607 1771 759 1836 seriebus
790 1777 912 1864 nempe
940 1775 1030 1840 binis
1061 1776 1165 1841 ternis

83 1865 260 1928 lurimisve
282 1862 445 1952 disposita
461 1885 470 1944 3
492 1860 661 1925 filamenta
684 1861 875 1945 filiformia3
892 1866 1038 1929 antherae
1055 1868 1165 1931 orales

60 1886 264 2036 linearesve,
275 1952 487 2031 terminales,
504 1952 672 2034 introrsae,
685 1953 770 2017 rima
783 1953 912 2042 duplici
927 1956 1047 2043 sapius
1059 1956 1168 2046 longi-

63 2044 208 2108 tudinali
232 2042 457 2111 dehiscentes.
480 2043 588 2105 Torus
607 2063 675 2106 non
697 2042 876 2130 ampliatus
893 2061 927 2110 et
944 2046 1040 2110 nullo
1063 2047 1167 2113 modo

64 2134 206 2222 carpella
225 2134 412 2200 involvens.
437 2133 557 2197 Ovaria
573 2132 720 2222 plurima
744 2150 803 2197 aut
818 2133 889 2198 duo
905 2150 965 2199 aut
978 2135 990 2222 (
1002 2135 1121 2200 abortu
1131 2136 1166 2226 l)

63 2225 231 2310 solitaria,
245 2225 351 2314 stylus
379 2221 559 2287 subnullus
573 2247 582 2306 3
597 2222 717 2311 stigma
740 2246 905 2307 crassum,
928 2220 1165 2315 subpeltatum.

63 2314 212 2403 Carpella
234 2331 285 2380 tot
303 2329 388 2404 quot
408 2314 537 2394 oraria,
552 2313 768 2396 r·locularia,
785 2338 877 2378 nunc
889 2309 1090 2381 subcarnosa
1111 2319 1170 2381 in·'
1188 2342 1193 2352 ·

66 2402 293 2486 dehiscentia,
310 2426 403 2468 nunc
415 2403 478 2468 sub
493 2404 588 2492 apice
612 2405 843 2471 circumscisse
867 2404 1085 2471 dehiscentia.
1105 2408 1166 2473 Se·

66 2494 154 2558 mina
182 2523 215 2557 ω
238 2511 298 2559 aut
323 2517 448 2583 pauca,
474 2494 545 2558 imo
568 2494 689 2558 abortu
711 2496 874 2577 solitaria,
899 2496 1167 2585 ovato-globosa,

65 2583 221 2735 placentae
239 2584 369 2649 laterali
390 2582 512 2665 adfixa,
525 2585 666 2649 inversa.
680 2585 852 2651 Albumen
871 2608 1062 2652 carnosum.
1085 2588 1166 2651 Em·

89 2697 144 2739 rso
159 2675 356 2764 parvus,ad
369 2674 465 2739 basin
478 2674 629 2738 seminis.
972 2706 979 2717 ·

109 2767 189 2830 Vae.
212 2766 334 2830 Herbe
347 2788 438 2830 nunc
456 2762 678 2828 humidorum
694 2766 931 2830 umbrosorum
957 2790 1000 2832 ue
1013 2768 1169 2832 locorum

66 2854 182 2920 incolae
198 2876 290 2920 nunc
307 2859 384 2922 vere
406 2854 579 2944 aquaticre.
596 2855 709 2918 saulis
732 2872 836 2937 teres,
850 2790 1022 2920 interdum
1041 2857 1170 2924 caudex

10 2950 13 2989 ³
66 2946 302 3010 radiciformis.
326 2945 420 3010 Folia
451 2969 543 3010 nunc
569 2945 684 3010 omnia
709 2944 885 3027 radicalia,
911 2968 1004 3010 nunc
1034 2947 1170 3012 canlina

10 3110 14 3125 ³
67 3036 192 3102 alterna
206 3054 265 3101 aut
286 3036 401 3100 omnia
422 3037 576 3126 opposita
594 3052 653 3100 aut
674 3036 838 3101 inferiora
854 3037 1006 3125 opposita
1022 3051 1057 3101 et
1073 3060 1173 3126 supe·

10 3132 13 3143 '
67 3127 154 3191 riora
185 3127 331 3210 alterna,
356 3147 489 3217 semper
509 3127 688 3215 petiolata,
717 3127 934 3229 peltinervia,
955 3127 1028 3190 inte
1051 3149 1085 3191 ra
1112 3144 1171 3192 aut

10 3226 12 3235 '
68 3219 155 3282 sarie
181 3217 310 3300 lobna,
323 3216 448 3308 glabra.
467 3216 658 3282 Pedunculi
680 3217 832 3282 axillares
856 3232 915 3282 aut
934 3149 1185 3306 pseudo-radi·s

69 3310 168 3392 cales,
183 3309 342 3392 unillori‚
356 3325 489 3390 teretes,
501 3307 693 3374 ebracteati.

108 3402 188 3465 Are.
212 3400 307 3466 Ordo
330 3398 442 3465 adhuc
467 3398 607 3480 dubius,
633 3398 850 3487 paucissimas
875 3396 1005 3487 species
1028 3400 1173 3488 amplec-

71 3506 157 3573 tans,
172 3492 256 3555 hinc
266 3490 535 3556 llauunculaceis
547 3506 581 3554 et
592 3488 804 3554 Berberideis
814 3537 823 3571 ‚
832 3488 1174 3578 illincPapaveraceis

71 3598 99 3644 et
110 3581 363 3670 Nympbaeaceis
378 3579 526 3663 affinis&
539 3578 670 3643 duabus
682 3580 891 3645 sectionibus
904 3580 1015 3646 forsan
1035 3579 1125 3643 inter
1138 3601 1174 3641 se

72 3692 134 3735 non
158 3674 237 3737 satis
264 3673 415 3761 analogis
441 3671 612 3736 constans!
625 3670 755 3736 interea
770 3669 1007 3757 Podopbylleae
1022 3692 1040 3731 a
1055 3668 1176 3731 Berbe-

71 3761 171 3829 rideis
193 3763 368 3827 herbaceis
380 3762 392 3848 (
404 3760 448 3825 ad
461 3782 544 3849 quas
561 3758 813 3850 Podophyllum
839 3776 873 3826 et
888 3758 1088 3824 Jeflersonia
1105 3758 1176 3843 jam

75 3875 228 3923 monente
240 3853 438 3920 Adansonio
449 3850 546 3916 valde
558 3849 743 3940 accedunt)
756 3850 1014 3938 distinguuntur
1025 3847 1177 3910 antlteris

77 3951 198 4016 ntvult
220 3969 291 4016 non
317 3941 593 4029 dehiscentibus,
615 3943 634 4004 lt
658 3940 913 4032 Nymphaeaceis
939 3925 1177 4026 (quibuscum

103 2746 113 2761 Ι
