2632 4612
161 176 208 250 32
285 231 290 239 -
373 177 1049 253 timosthsnunxocsttffl.

160 301 293 367 Nectrrs
312 316 345 364 et
359 297 577 387 Hydropeltis
588 301 607 361 a
619 299 776 386 plurimis
798 302 966 368 Botanicis
980 307 1124 370 summis
1138 310 1275 376 coordi-

161 389 490 477 nantur)difierunt
509 404 583 452 toro
607 410 677 452 non
701 389 863 478 ampliato
890 409 924 457 et
946 396 1090 484 carpella
1110 421 1179 462 non
1198 403 1274 465 cin·

163 496 276 572 gente,
293 500 425 543 necnon
445 476 584 542 floribus
600 493 680 566 typo
693 482 840 544 ternario
860 485 1274 578 constructis3i1'apare·

162 571 268 635 raceis
281 569 384 657 (quas
404 568 604 633 Iessersonia
623 568 852 657 sanguinariae
867 574 986 638 aemuia
1009 564 1103 639 nexu
1124 580 1272 666 quodam

164 662 309 726 naturali
322 681 399 724 cum
417 659 458 722 iis
471 656 646 746 jungunt)
661 658 851 747 discrepant
863 668 1045 749 prasertim
1055 689 1157 731 succo
1167 692 1274 758 aquen

164 776 228 818 uec
259 751 384 830 lacteo,
406 749 577 813 seminum
613 746 834 836 dispositione
872 754 1081 836 unilaterali,
1099 756 1274 827 albumine

164 863 305 909 carnoso
321 862 383 903 nec
396 840 607 919 oleoso,etc.;
621 838 757 902 tandem
773 844 792 903 a
808 832 1171 913 Rannnbuluceisveris
1184 873 1275 941 sepa·

163 949 285 998 rantur
299 931 345 995 ob
359 930 514 994 antheras
528 929 704 1008 introrsus,
716 928 777 993 sed
792 930 904 994 forsan
921 932 932 1018 (
941 936 1008 1020 jam
1023 982 1032 1012 ‚
1047 937 1213 1004 innuente
1232 942 1273 1006 cl.

166 1023 300 1089 lussieu
316 1037 349 1085 ct
364 1019 586 1085 confirmante
605 1017 647 1082 cl.
669 1016 872 1107 Rafinesque
885 1021 898 1107 )
913 1024 1179 1092 Ranuuculaceae
1195 1052 1275 1119 spu·

167 1115 225 1179 rioe
238 1127 357 1178 nostrae
373 1113 495 1199 nempe
517 1112 626 1173 Actoea
651 1113 834 1195 praesertim
858 1129 892 1175 et
906 1112 1040 1177 Paionia
1060 1138 1139 1181 cum
1162 1119 1274 1187 Podo-

167 1202 313 1294 phylleis
336 1216 416 1264 sunt
434 1197 679 1263 consocianda.
699 1200 894 1265 Notandum
920 1205 1084 1291 estquod
1107 1206 1275 1298 pleraeque

168 1294 300 1360 ordinis
322 1291 502 1355 affinitates
519 1312 560 1353 ex
579 1304 730 1353 veterum
755 1288 951 1381 synonymis
976 1309 1026 1358 sat
1048 1302 1162 1361 exacte
1183 1299 1273 1365 indi·

170 1384 312 1450 cantur!

214 1476 306 1539 Hrsr.
329 1472 463 1559 Species
477 1491 596 1534 omncs
610 1469 714 1557 hujus
730 1470 863 1536 ordinis
879 1474 1050 1540 veteribus
1070 1476 1080 1539 i
1105 1492 1192 1543 notoe
1208 1480 1278 1545 sus-

168 1580 258 1632 runt
270 1564 320 1627 Ex
333 1563 374 1626 iis
386 1560 647 1625 'l'ournefortius
660 1561 755 1624 novit
767 1585 780 1624 r
790 1609 799 1642 ,
811 1561 969 1628 Linnaeus
980 1586 1013 1647 u,
1026 1499 1276 1634 Wiidenorrius

167 1662 211 1738 [ἧς
226 1676 319 1718 nunc
337 1667 424 1716 notae
435 1667 515 1715 sunt
532 1655 662 1715 tantum
674 1651 692 1713 5
704 1666 762 1714 aut
771 1653 883 1716 forsan
899 1677 931 1741 7.

212 1747 327 1809 Drsrn.
350 1764 449 1807 usos.
471 1739 713 1829 Podophylleae
731 1764 850 1807 omnes
865 1742 932 1807 huc
951 1758 1059 1832 usqne
1079 1761 1167 1811 notae
1184 1746 1279 1812 habi·

167 1851 241 1900 tant
255 1836 290 1897 in
304 1833 460 1896 Americd
482 1836 665 1920 praesertim
680 1832 820 1897 boreali.
834 1835 929 1897 Stant
942 1834 1182 1924 Podophylieae
1192 1861 1277 1905 verae

54 1987 58 1994 .
166 1927 203 1990 in
219 1923 389 1988 umbrosis
411 1920 583 2002 humidis,
601 1922 875 2011 Hydropeltideae
889 1925 925 1987 in
937 1947 1072 2011 aquosis
1084 1942 1210 1992 nsunt.

213 2011 505 2079 Drin'l'ribusdute
514 2011 668 2077 hicinfra
679 2013 1023 2079 memorandtemultb
1033 2017 1136 2105 magis
1146 2018 1275 2085 interss

167 2104 335 2169 differunt
347 2126 448 2191 quam
460 2106 480 2169 i*
492 2102 715 2167 caracteribus
725 2104 833 2167 citatis
846 2103 1052 2169 concludere
1065 2108 1171 2193 possit
1182 2110 1275 2175 Bota-

165 2197 281 2271 nicus,
296 2193 355 2258 sed
372 2193 438 2257 alia
463 2193 661 2258 discrimina
684 2216 753 2258 non
772 2195 887 2258 omnia
908 2194 987 2257 satis
1006 2211 1162 2261 constant
1183 2214 1223 2263 ut
1236 2220 1275 2265 es

74 2288 80 2303 '
163 2284 342 2349 admittere
350 2283 506 2373 poterim.
518 2288 568 2346 An
580 2282 908 2371 Podophylleaevcrtu
917 2307 995 2349 curn
1004 2286 1275 2354 Ranuuculaceis

164 2376 287 2440 nostris
301 2375 427 2464 spuriis
438 2389 472 2437 et
484 2371 756 2462 Hydropeltideoe
778 2395 856 2438 cum
882 2375 1136 2463 Nymphaeaceis
1159 2380 1275 2465 potitis

162 2462 416 2531 consociandus?
424 2466 478 2527 An
491 2464 608 2527 saltem
622 2462 836 2528 ordinesduo
847 2465 1078 2529 constituendi
1089 2488 1129 2531 ex
1142 2466 1274 2533 duabus

161 2555 382 2645 sequentibus
406 2554 615 2619 sectionibus
633 2552 791 2618 iintereit
810 2554 880 2619 haec
903 2572 954 2620 est
977 2554 1149 2621 ordinatio
1174 2562 1194 2622 a
1219 2582 1272 2623 me

161 2647 356 2712 dubitanter
368 2643 512 2707 admissa
524 2666 532 2706 :

346 2781 521 2855 Tamus
558 2780 589 2855 I.
628 2781 1084 2862 PODOPHYLLEAE.

204 2935 365 2995 Ovarinm
383 2955 410 2994 r.
424 2930 559 2993 Semina
576 2956 626 2994 οο.
638 2930 813 2995 -Hcrbte
824 2952 892 2993 non
908 2947 1069 2997 natantes.

161 3050 190 3091 1.
214 3023 475 3085 Pooorurnnuu.
497 3022 599 3109 Calyx
615 3020 795 3110 3·sepalus.
819 3021 930 3086 Patala
953 3024 1022 3110 6·9.
1036 3024 1138 3087 Stam.
1161 3027 1270 3090 nas.

205 3113 316 3174 Bacca

161 3222 193 3265 a.
216 3203 232 3264 J
237 3222 445 3265 srrsusosm.
468 3199 568 3287 Calyx
587 3201 773 3291 scepsius.
787 3200 899 3267 Petala
917 3204 949 3267 8.
963 3202 1064 3268 Stant.
1079 3203 1112 3269 8.
1126 3204 1270 3292 Capsub

204 3292 433 3355 circunrscissis
446 3288 636 3357 dehiscens.

160 3378 365 3446 Bidensrs.
387 3379 488 3469 Calyx
512 3425 521 3443 .
547 3431 554 3445 .
580 3428 588 3444 .
614 3430 622 3444 .
645 3382 756 3446 Petala
774 3408 808 3444 οο
827 3429 857 3447 ..
874 3385 977 3447 Stam.
991 3382 1271 3473 filamentaapice

204 3472 360 3552 ditatam,
383 3470 529 3534 anthera
554 3471 659 3536 loculi
682 3471 880 3561 subglobosi
899 3474 1060 3538 distantes
1084 3476 1271 3539 transversi

205 3563 232 3624 ri
238 3565 289 3624 rna
304 3561 528 3625 dehiscentes.

291 3698 472 3773 'l'urnus
508 3700 567 3772 ΙΙ.
607 3699 1132 3777 HYDROPELTIDEAE.

203 3826 321 3889 Otaria
336 3848 353 3886 a
369 3839 426 3886 aut
451 3849 498 3886 οο.
519 3824 656 3887 Semina
678 3847 785 3913 pauca
811 3842 871 3890 aut
893 3826 1016 3892 abortu
1040 3825 1203 3893 solitaria.
1223 3860 1270 3877 ·-

250 3916 365 3979 ilerbat
379 3929 541 3977 natantes.
