2632 4612
492 369 816 440 CRUCIFERAE.
1079 391 1081 394 ’
1138 360 1203 435 58ι

133 483 268 551 dentatis;
279 499 316 535 r·-
326 483 431 558 siliquis
440 479 611 541 brevioribus
619 487 796 542 crassioribus
806 483 922 538 uruatis
929 482 1160 554 magistorulosis,
1170 485 1211 538 in:

132 553 246 638 caniset
264 554 455 677 insupegdpilis
472 555 568 625 rigidis
586 557 714 611 brevibus
730 555 828 636 sparsis
845 552 977 626 bispidirt
998 553 1037 608 3⁰.
1047 553 1208 609 staminibus

132 623 282 697 majoribus
290 622 323 675 ad
333 642 359 677 nt
396 643 453 677 rum
468 633 554 698 usque
566 645 617 681 nec
628 628 698 681 ultra
709 638 840 698 cunutus.

61 827 65 833 Ι
146 722 182 810 4.
209 711 390 815 Sterigma
409 718 750 818 elychrysisolium.

95 843 131 908 S.
147 841 240 908 foliis
253 839 413 906 omnibus
426 841 772 932 oblongodinearibus
788 843 938 934 integris.

96 953 227 1075 ¹1⁶2,me
239 951 379 1005 orientalis
403 952 548 1026 Eiycbrysi
569 955 636 1008 solio
653 955 720 1009 flore
740 957 823 1011 luteo.
841 963 929 1009 Toum.
948 975 996 1007 cor.
1015 957 1056 1012 16.
1077 976 1109 1008 es
1127 959 1213 1012 Vaill!

96 1091 285 1159 Cheirantbus
296 1092 412 1144 lanatus.
429 1092 504 1143 Gmel.
516 1112 548 1145 σε
558 1095 643 1146 Fuci!
656 1100 681 1147 in
691 1097 737 1148 litt.
749 1116 802 1148 cum
814 1098 877 1149 icon.

97 1161 285 1216 Cheimutbus
294 1178 402 1214 aureus.
419 1162 497 1214 thd,
512 1161 578 1215 berb.
592 1184 623 1216 ea
636 1170 696 1218 Stes».
711 1166 763 1218 obs.
779 1165 843 1218 irred.
856 1169 881 1216 in
894 1164 918 1216 b.
931 1162 1007 1217 Watd.

96 1231 169 1286 nab.
181 1232 209 1285 in
220 1231 365 1298 Armenii(
374 1235 483 1300 roam.)
492 1271 500 1296 ,
510 1232 643 1287 inPersitr
652 1235 794 1308 provincii
808 1233 947 1289 Giianensi
958 1233 1072 1304 (Girrei.)
1088 1234 1117 1304 ii
1128 1235 1207 1308 ΡΘΡ

135 1304 174 1371 (v.
184 1320 205 1355 t.
214 1319 257 1372 ap.
267 1300 296 1353 itt
304 1300 334 1352 h·
344 1299 416 1352 Mus.
424 1300 496 1372 Par.)

97 1370 190 1425 Herba
205 1383 261 1423 tota
277 1381 400 1422 tomento
409 1371 486 1424 brevi
501 1373 577 1425 molli
587 1374 809 1429 stellato-ramoso
820 1391 971 1427 canescens.
982 1372 1073 1427 Caralis
1086 1387 1209 1439 erectus,

133 1458 273 1504 ramosus,
283 1441 328 1492 5-6
342 1439 409 1509 pott.
417 1439 533 1511 longus,
550 1444 760 1525 parcgfoiiosus.
775 1442 981 1497 intimitatis
993 1443 1207 1512 oblongo-linea·

134 1509 255 1574 ria,basi
267 1521 417 1574 attenuata,
434 1510 628 1581 integerrima,
645 1514 700 1568 iere
711 1516 825 1579 obtusa,
840 1534 854 1567 a
872 1513 939 1586 poll.
951 1514 1007 1566 sere
1022 1513 1068 1566 lon
1088 1531 1143 1576 ω
1157 1513 1196 1565 lin

133 1580 202 1644 iata,
212 1578 376 1645 subavenia;
395 1580 500 1633 caulius
512 1600 611 1653 pauca,
628 1584 744 1647 sessilis,
761 1584 903 1649 breviora,
919 1583 1048 1641 acutiora.
1082 1581 1152 1634 iores
1166 1583 1210 1635 in-

134 1654 211 1704 tense
223 1647 305 1713 davi,
319 1650 464 1714 racemosi,
473 1651 598 1704 conserti.
612 1650 706 1725 Sepala
716 1654 848 1724 oblonga,
861 1653 974 1717 obtuta,
988 1651 1207 1716 membranacea,
1261 1704 1264 1713 ,

135 1715 416 1798 subcoloratmdorso
425 1717 458 1772 ad
468 1720 543 1773 basin
554 1722 773 1789 subtomeutosa,
785 1742 800 1776 s
811 1723 861 1776 liu.
873 1722 918 1776 lon
938 1740 970 1786 ι,
980 1719 1105 1804 pedicelli
1117 1722 1208 1792 longi-

133 1784 226 1842 tudini
237 1787 356 1859 aquaba-
366 1785 521 1844 Petaloruan
534 1808 642 1861 ungues
651 1794 742 1866 calyce
752 1793 904 1863 longiores,
917 1738 995 1845 dmin
1005 1791 1112 1845 obormi
1121 1791 1208 1863 patuli

134 1857 236 1911 obtusi.
246 1855 366 1933 Stamina
377 1860 477 1930 majora
486 1861 558 1916 ultra
570 1860 692 1916 medium
702 1863 808 1917 coalita.
819 1862 950 1916 Orarium
962 1852 1044 1917 bre've
1053 1900 1063 1927 ,
1071 1874 1207 1916 tomento·

135 1945 205 1981 sum.
216 1926 332 1979 Fructus
343 1926 463 1995 ignotus.

97 1994 415 2137 Ezepprsszhexbibet
433 1998 490 2050 fere
510 1998 572 2053 solia
590 1999 725 2054 duchonii
743 2020 806 2057 curn
823 2000 1032 2057 fructificatione
1050 2011 1077 2056 et
1096 1999 1209 2054 floribus

128 2234 322 2322 Suronno
352 2235 548 2322 Tanarus.
580 2164 1037 2321 ORTHOPLOC'EAE
1061 2235 1180 2354 (0»).

146 2453 226 2518 Cra.
248 2450 474 2541 Cotyledones
509 2448 763 2531 incumbentes,
789 2447 1059 2537 conduplicatas,
1088 2449 1211 2537 nempe

100 2540 400 2633 longitudinaliter
425 2537 541 2604 medio
561 2539 689 2627 plicatae
715 2554 749 2603 et
771 2528 957 2603 radiculam
984 2537 1020 2601 in
1047 2535 1211 2626 plicatura

101 2632 275 2714 foventes,
291 2632 376 2719 saepe
398 2629 495 2719 apice
511 2628 734 2718 emarginatae.
758 2628 895 2693 Semina
918 2626 1038 2717 saepiirs
1063 2625 1212 2715 globosa.

103 2722 215 2810 Stylus
243 2743 285 2785 sae
310 2722 328 2784 ὲ
353 2719 444 2784 varie
468 2718 649 2808 ampliatus
674 2716 745 2783 basi
770 2718 936 2783 loculatus
961 2732 995 2782 et
1014 2715 1211 2797 seminifer,

102 2810 219 2885 loculo
231 2744 346 2900 styiiari
358 2831 491 2900 semper
505 2806 750 2874 indehiscente.

103 2996 250 3072 Tamus
275 2998 524 3073 Duomrcnra.
557 2993 835 3167 ldiASSIOEAE
859 3020 927 3068 seu
951 2991 1214 3092 Orthoploceaa

584 3121 598 3167 1
613 3119 767 3192 aquosae.

150 3269 230 3334 Can.
253 3242 385 3372 Sliqu'a
401 3267 555 3357 elongata
574 3266 678 3331 valvis
697 3265 994 3356 longitudinaliter
1007 3265 1217 3331 dehiscenti-

105 3357 187 3443 bus,
199 3372 295 3450 septo
311 3357 443 3423 lineari.
469 3357 604 3423 Semina
619 3356 770 3446 globosa.
786 3355 1011 3445 Cotyiedones
1033 3354 1219 3444 condupli-

105 3465 186 3514 catae
221 3461 308 3531 o».

151 3450 230 3604 Osi.
253 3448 386 3604 Girnera
403 3535 467 3602 sub
488 3536 731 3601 Brassicearum
752 3533 845 3598 tribu
871 3533 1012 3601 collecta
1033 3534 1120 3599 adeo
1139 3550 1220 3597 sunt

103 3625 223 3692 affinia
248 3643 287 3692 ut
312 3628 367 3691 rix
395 3625 617 3692 caracteribus
642 3625 749 3690 solitis
777 3624 847 3688 sint
874 3622 1137 3714 distinguenda,
1159 3622 1221 3687 sed

106 3717 241 3782 facilius
264 3715 367 3781 distin
393 3731 522 3780 uuntur
542 3715 570 3779 si
590 3715 678 3779 inter
695 3736 733 3779 ea
748 3712 970 3780 admittantur
985 3729 1167 3778 caracteres
1184 3714 1219 3776 in

105 3807 181 3871 aliis
198 3741 443 3872 subordiniius
458 3808 523 3870 ‘arn
539 3804 688 3869 admissi.
709 3806 883 3871 Brassiceae
901 3821 981 3870 sunt
994 3804 1084 3868 inter
1094 3803 1221 3868 Ortho-

105 3898 242 4001 ploceas
268 3911 308 3960 ut
339 3829 514 3961 Ambideae
540 3895 629 3959 inter
654 3894 910 3961 Pleurorbiaeas
940 3910 1000 3957 aut
1024 3893 1223 3983 Sisymbreas

105 4001 200 4052 mter
213 3985 446 4051 Notorbireas.
469 3984 616 4051 Brassica
639 4006 708 4050 non
730 3983 819 4050 mald
850 3983 954 4050 refert
972 3983 1221 4049 Cheiranthum

108 4091 169 4142 aut
179 4073 420 4166 Hesperidum,
434 4075 567 4166 Sinapis
582 4073 807 4166 sisymbrium
828 4072 1081 4141 Nasturtiumve
1089 4121 1101 4159 ,
1117 4072 1225 4140 Mori·
