2632 4612
10 1214 15 1297 ἓ

408 261 794 334 runnarnouu.
1090 254 1155 362 1'07
1213 290 1218 306 «

61 382 214 455 habendae
226 381 243 447 P
254 381 291 447 iu
307 379 417 472 primd
430 382 616 472 hypothesi
636 376 859 449 Fumariaceae
871 381 977 475 magis
991 383 1034 448 ad
1052 385 1161 476 Papa·
1261 398 1269 411 ·

60 497 218 556 teraceas,
235 474 272 539 in
291 472 438 538 secunda
453 474 557 564 magis
571 474 613 539 ad
623 476 812 540 Cruciferas
828 475 1036 540 accederent.

92 569 164 632 Dav.
188 565 317 629 Plantae
335 564 400 628 sub
414 562 480 628 hoc
492 563 614 631 ordine
628 568 879 656 comprehensae
893 567 1033 629 unicum
1054 587 1160 654 genus

60 658 167 720 nerito
188 654 378 718 indivisum
400 654 649 719 constituebant
661 660 737 720 ciam
752 658 839 720 intra
856 656 1159 743 Papaveracearum

59 745 203 810 ordinem
224 744 374 808 consusae
399 744 638 824 remanebant,
664 769 742 809 nam
769 747 858 810 inter
875 769 910 809 se
937 745 1041 834 magis
1065 762 1162 809 erant

58 834 171 914 affines,
189 838 292 922 quam
307 855 384 896 curu
399 834 633 921 Papaveraceis
645 836 750 918 veris3
767 836 824 900 sed
841 839 917 899 curn
934 835 1019 898 ordo
1034 836 1159 899 Fuma-
1225 894 1241 907 f.

59 926 233 989 riacearum
245 922 425 987 distinctus
437 923 730 1007 admittitur,tunc
741 926 868 1014 species
878 942 956 989 sunt
967 923 1160 1012 separandae

60 1014 86 1076 in
100 1037 224 1104 genera
253 1012 419 1077 nonnulla
433 1035 474 1078 ex
486 1012 607 1077 habitu
620 1030 654 1079 et
677 1015 900 1080 caracteribus
922 1016 1104 1079 constituta
1125 1029 1161 1080 et
1220 1074 1224 1083 .

58 1108 123 1170 vere
138 1102 320 1168 naturalia.

184 1295 621 1382 CONSPECTUS
667 1297 1014 1384 GENERUM.

62 1505 88 1548 1.
110 1481 289 1546 Drcurrna.
312 1480 423 1584 Petale
443 1485 515 1563 Ψ
537 1483 703 1547 exteriora
725 1482 796 1547 basi
814 1483 988 1569 acqualiter
1000 1484 1163 1549 calcarata

59 1684 85 1727 2.
95 1571 951 1751 arilliridiiiiiisaPitiiiiuditiivcadrvdiliiiiiyrsridribnpietalam
964 1661 1035 1725 basi
1051 1662 1162 1751 bigih-

93 1751 209 1816 bosam
244 1751 422 1842 fungosam
446 1753 681 1841 persistentem
707 1753 840 1818 coalita.
867 1753 995 1840 Siliqua
1021 1753 1162 1817 bivalvis

93 1841 318 1930 polysperma.

57 1928 85 1994 3.
105 1932 336 1998 Crsrrcnrnos.
368 1931 479 1996 Petale
502 1937 543 2017 4,
565 1933 706 1998 unicum
739 1928 811 1998 b‘asi
840 1931 994 2022 gibbum.
1019 1931 1162 2023 Capsula

92 2022 253 2088 vesicaria
266 2022 488 2112 polysperma.

57 2113 307 2188 dCourosurs.
331 2113 441 2177 Petala
458 2117 497 2195 4,
520 2113 661 2178 unicum
689 2113 763 2178 basi
792 2112 1002 2178 calcaratum.
1031 2112 1163 2202 Siliqua

94 2200 669 2293 bivalviscompressapolysperma.
730 2208 733 2213 ’

58 2287 84 2355 5.
104 2291 345 2356 Ssucocsrnos.
368 2293 480 2357 Petala
494 2299 514 2371 4
526 2342 535 2376 ,
548 2294 688 2358 unicum
705 2292 776 2356 basi
789 2291 1002 2358 calcaratum.
1020 2290 1164 2381 Capsula

96 2382 241 2444 amabis
257 2381 473 2447 indehisccns
489 2384 686 2472 2·sperma.'
1067 2406 1070 2411 ’

55 2468 83 2532 6.
104 2469 273 2535 Fennis.
298 2470 450 2536 Petal'um
468 2474 609 2537 unicum
624 2473 695 2537 basi
712 2473 854 2562 gibbum
873 2488 933 2536 aut
947 2470 1169 2536 calcaratum.
1229 2540 1233 2546 ¹

95 2561 265 2649 Cariopsis
279 2560 496 2626 indehiscens
513 2585 691 2650 1-sperma.

442 2727 469 2792 1.
499 2728 765 2792 DICLYTRA.

131 2896 278 2953 fumariae
291 2913 337 2971 sp.
348 2896 426 2951 Rau.
437 2894 505 2952 err.
516 2895 534 2949 J
536 2912 594 2950 uss.
604 2894 682 2949 Lnsr.
694 2922 735 2934 —
744 2892 934 2968 Capnorchia.
947 2893 1167 2970 Bornu.1ugd.-

177 2979 206 3032 b.
228 2997 255 3035 ι.
271 2998 304 3052 p.
323 2974 394 3051 391.
408 3007 448 3020 -
463 2977 652 3034 Bicucullata.
665 2977 793 3033 Manen.
807 2994 866 3031 non
885 2977 960 3032 Rsr.
974 3006 1015 3017 -
1031 2976 1165 3051 Diclytra

174 3072 204 3117 et
215 3060 408 3133 Capnorrhis.
419 3061 557 3115 Boucsu.
567 3061 597 3115 in
611 3062 706 3114 rtoem.
716 3057 796 3114 arch.
812 3074 841 3113 2.
848 3079 885 3132 p.
897 3058 947 3125 46.
959 3088 999 3100 -
1010 3058 1165 3134 Corydolis

174 3162 219 3216 sp.
241 3144 339 3200 Nrcs.
355 3142 455 3198 Vsnr.
469 3143 566 3198 Nurr.
580 3142 683 3196 Horu.
695 3171 736 3183 —-
751 3139 928 3199 cucullatus,
944 3142 1018 3199 Rsr.
1033 3143 1065 3197 in
1078 3144 1166 3198 Desv.

167 3229 271 3296 journ.
286 3240 315 3279 2.
319 3244 358 3298 p.
375 3220 441 3304 169.
452 3243 509 3279 non
522 3225 656 3281 Scunun.

98 3360 219 3422 Furor.
243 3354 357 3419 Petaia
375 3358 411 3436 ri,
428 3354 555 3434 libera,
578 3352 744 3432 decidua,
761 3354 927 3432 cruciata,
953 3373 970 3416 2
1000 3351 1167 3416 exteriora

60 3447 193 3536 aqualia
207 3444 281 3509 basi
301 3443 401 3532 gibba
418 3459 475 3506 aut
492 3445 526 3506 in
545 3445 653 3508 calcar
671 3442 844 3533 producta.
867 3443 1017 3506 Stamina
1045 3442 1083 3523 6,
1107 3459 1167 3503 aut

61 3536 196 3601 or'nniub
220 3534 328 3599 libera
343 3548 376 3598 et
393 3535 427 3598 in
446 3533 628 3623 phalanges
645 3532 727 3597 diras
747 3555 791 3621 op
818 3532 917 3596 ositos
932 3531 1166 3621 approximate

62 3644 113 3690 aut
130 3628 228 3714 apice
255 3626 291 3687 in
319 3624 493 3712 adelphius
510 3624 593 3688 duas
611 3625 731 3688 coalita
747 3641 781 3687 et
794 3556 866 3688 basi
893 3623 1009 3686 libero.
1028 3622 1167 3706 Siliquae

64 3714 223 3799 bivalres,
252 3715 482 3792 dehiscentes,
513 3714 797 3803 omli-oblongae,
824 3734 1041 3801 compressae,
1069 3710 1166 3800 poly-

63 3825 203 3892 spermce.

102 3895 182 3960 Vre.
207 3895 329 3958 Herbae
359 3917 552 3984 perennes,
580 3894 752 3958 radicibus
780 3893 946 3958 tuberosis
983 3888 1165 3955 fibrosisve.

70 3980 154 4050 Folia
181 3985 358 4076 petiolata,
381 3984 570 4071 multifida,
587 3986 708 4075 saepius
736 3985 851 4050 omnia
866 3980 1046 4065 radicalia,
1076 4001 1168 4042 nunc
1204 4024 1210 4031 .
