2632 4612
152 269 225 360 673
377 270 626 338 mcorun.
651 290 730 339 ssu
754 264 1032 357 uxocuurc.

151 413 279 482 pressa,
290 391 399 456 rarius
412 389 630 457 indehiscens
642 404 731 456 teres
745 406 805 454 aut
819 386 1041 477 pedicelluta,
1058 391 1264 481 marginibus

153 503 247 547 nunc
263 481 362 545 rectis
378 498 411 546 et
427 498 517 563 tunc¹
528 480 674 563 linearis,
687 502 782 545 nunc
799 479 942 544 sinuatis
959 479 1172 569 regulariter
1188 483 1266 548 inter

156 571 286 638 semina
306 572 482 636 coarctatis
508 587 542 636 et
566 587 646 635 tunc
670 569 782 635 monili
794 571 889 634 ormr's
908 568 1050 636 dicitur.
1073 570 1213 637 Semina
1237 575 1265 636 iu

154 683 295 751 quoque
315 661 430 741 loculo
449 661 664 742 unirerialia,
687 682 753 749 pen
781 659 855 741 ula,
873 681 952 726 com
976 682 1090 743 rcasa,
1118 667 1206 752 sepe
1226 664 1267 727 all

157 750 413 817 membranacea
438 751 558 821 cincta.
584 750 809 839 Cotyledoues
836 749 956 817 radicu
1004 750 1120 840 duplo
1143 769 1180 817 et
1196 753 1268 832 ultr'a

156 839 346 930 longiores,
360 840 523 919 lineares,
547 841 792 932 integerrimae,
818 840 1082 925 incumbentes,
1102 841 1158 907 bis
1173 860 1266 907 trans·

113 1017 117 1021 ,
155 931 251 994 verse
262 928 377 995 medio
392 932 523 1019 plicatae
534 946 568 996 et
580 929 659 997 ideb
672 932 806 996 bicrures
817 929 914 995 dictae
928 928 973 1019 (o
989 928 1009 1020 ΙΙ
1037 928 1056 1019 ΙΙ
1085 930 1104 1085 l
1119 931 1147 1019 ).

204 1019 287 1085 Van.
310 1018 432 1085 Herbe
447 1044 567 1088 annuae
580 1037 640 1091 aut
658 1020 862 1086 srrfl'rutices.
888 1019 1000 1086 Radix
1027 1021 1084 1087 exi
1103 1022 1145 1089 is.
1172 1020 1268 1085 Caulis

160 1126 265 1192 teres,
281 1132 445 1175 ramosus.
454 1110 656 1177 Foliavalde
670 1112 770 1177 varia.
787 1111 924 1177 Racerui
939 1111 1110 1201 elongati.
1122 1108 1271 1177 Pedicelli

154 1196 352 1354 .fililo{mc's,
367 1199 558 1267 ebracteati.
578 1201 696 1268 Flores
710 1199 787 1267 llari
798 1250 808 1286 ,
821 1202 906 1285 albi,
919 1200 1014 1266 rosei
1034 1216 1101 1267 aut
1114 1201 1272 1293 repelare

160 1297 248 1354 amru
265 1290 308 1355 ei.

207 1380 282 1445 Ons.
298 1379 414 1445 Genus
429 1379 642 1445 multiforme
657 1378 740 1446 etin
754 1378 1273 1469 posterumdiridendumlw

150 1538 153 1557 Ι
166 1466 278 1535 tiones
292 1468 579 1622 inlrlfropositas
591 1472 627 1534 in
641 1471 747 1536 unico
758 1486 869 1535 tamen
890 1492 1018 1561 genere
1032 1472 1192 1549 retinui,
1209 1472 1274 1560 quia

166 1583 182 1625 s
228 1560 294 1625 cies
310 1582 379 1624 non
407 1563 465 1625 um
490 1561 569 1626 satis
583 1562 647 1627 rite
664 1579 751 1629 notae
766 1577 845 1626 sunt
859 1578 897 1626 ut
909 1560 1098 1665 genericos
1111 1578 1275 1627 curacura

167 1582 283 1717 ξυιυς
295 1668 388 1715 nunc
399 1649 551 1718 stabilire
563 1650 774 1741 possim3sed
784 1650 836 1717 be
845 1666 1016 1717 sectiones
1026 1654 1115 1717 vere
1126 1652 1276 1717 naturales

166 1737 329 1804 videntur
342 1756 376 1805 et
393 1740 484 1826 inter
499 1762 554 1821 se,
570 1743 715 1808 omninb
732 1757 766 1807 et
778 1764 874 1830 equo
883 1742 960 1826 jure
969 1756 1012 1806 ut
1020 1762 1155 1831 genera
1168 1742 1203 1807 in
1217 1741 1276 1805 aliia

172 1829 305 1897 ordinis
320 1831 529 1897 sectionibus
544 1830 587 1896 ab
600 1833 761 1897 omnibus
773 1832 969 1898 auctoribus
980 1830 1157 1916 admissa,
1171 1830 1277 1896 elisere

171 1916 265 2009 liant.
279 1918 335 1984 Sic
352 1922 441 1986 inter
455 1921 644 1988 Crucilcras
660 1922 915 2013 Diplecolobeas
929 1922 1155 2011 Cauponem
1176 1942 1277 2011 repra·

171 2024 280 2074 uentat
309 2009 556 2100 sisymbrium,
581 2012 831 2101 Selenocarprea
868 2012 1077 2095 Lunariam,
1106 2009 1277 2077 Orthoselis

172 2099 359 2165 Arabidem
372 2125 432 2168 seu
445 2102 682 2168 Cardaminem
694 2152 704 2184 ,
717 2101 930 2167 Lanceolaria
942 2101 1166 2183 Dentariam‚
1177 2102 1280 2187 Carpo·

172 2189 317 2280 podium
331 2192 521 2282 Stanleyam
534 2215 594 2259 seu
606 2190 862 2282 Macropodium
871 2240 880 2268 ,
890 2207 929 2255 ut
937 2192 974 2255 in
985 2190 1117 2259 eadem
1128 2190 1280 2257 divisione

172 2280 440 2373 Bracbycar-puru
477 2283 694 2349 Senebieram
730 2281 1017 2365 Riscutellarnve,
1049 2296 1090 2347 et
1118 2279 1281 2348 Subularia

178 2372 342 2456 Drabarn,
355 2373 468 2439 refert.

221 2464 305 2527 Han.
321 2463 528 2554 Heliopbilae
542 2484 660 2528 omnes
673 2461 709 2526 in
720 2461 832 2527 Africa
843 2460 982 2527 australi
997 2462 1282 2553 extratropiclacu

177 2554 318 2642 regione
333 2555 435 2643 vulgo
449 2554 592 2643 Capensi
609 2552 698 2617 dicta
711 2553 872 2617 habitant.
892 2550 998 2617 Unica
1010 2554 1150 2643 species
1167 2553 1281 2617 exl'cr·

176 2644 225 2706 sib
246 2659 317 2708 orta
341 2659 374 2708 et
390 2644 426 2707 in
450 2645 516 2708 hoc
530 2664 655 2732 genere
681 2641 724 2707 ab
750 2643 925 2708 autoribus
953 2658 1114 2731 recepta,
1140 2638 1284 2709 severiori

180 2733 331 2799 examini
345 2732 501 2817 subdita,
515 2730 676 2798 Arabidis
700 2751 883 2799 caracteres
906 2732 1098 2815 exhibuit,
1113 2732 1205 2801 banc
1223 2730 1285 2795 idel

88 2880 92 2888 .
176 2822 221 2887 ad
235 2822 422 2889 Arahidem
435 2823 613 2906 transtuli,
626 2840 662 2888 et
680 2846 788 2912 genus
804 2822 1013 2912 Heliopbilte
1040 2825 1134 2913 pure
1149 2824 1283 2913 Capenae

180 2930 345 2979 remanet.

227 3004 318 3069 Hrsr.
341 3004 476 3094 Species
512 3027 530 3068 a
564 3007 697 3068 tantum
733 3002 932 3068 memoravit
955 3000 1146 3083 Linnaeus,
1167 2996 1282 3069 erdc-

179 3097 311 3159 nowius
331 3118 387 3176 ra,
400 3094 606 3159 Persoonius
620 3095 657 3157 in
674 3092 815 3158 diversis
829 3091 1012 3182 generibus
1034 3097 1092 3171 24.
1110 3092 1214 3157 Nunc
1226 3109 1282 3175 spe·

179 3184 247 3247 cies
259 3193 303 3263 110
317 3186 393 3273 plus
414 3184 528 3257 minius
552 3199 648 3249 notas
668 3198 882 3262 recenseam,
896 3181 994 3247 exiis
1012 3180 1089 3245 ridi
1107 3182 1155 3247 38
1174 3197 1207 3247 et
1224 3182 1240 3244 8
1255 3179 1282 3239 it

179 3275 356 3338 autoribus
368 3272 550 3356 indicatas,
560 3275 617 3338 rix
628 3290 742 3337 autem
755 3272 956 3359 descriptas,
968 3268 1014 3333 ad
1024 3272 1164 3337 calcem
1175 3268 1283 3361 generis

176 3363 313 3429 admisi.
327 3364 402 3429 lloc
413 3367 604 3452 specierum
629 3364 878 3428 incrementum
900 3360 1062 3449 provenit
1081 3382 1159 3425 non
1175 3363 1284 3447 mutim

180 3462 200 3519 e
214 3453 462 3544 speciminibus
479 3455 516 3518 iu
533 3454 666 3519 blateis
685 3452 785 3518 variis
808 3453 991 3539 presertlm
1021 3450 1219 3515 Banbsiano
1231 3468 1285 3510 ser·

179 3544 263 3611 retis
274 3542 335 3608 sed
349 3543 517 3647 praecipue
527 3564 567 3608 ex
579 3543 703 3608 itinere
715 3538 963 3607 Barcheunnn
979 3538 1072 3604 Clnr.
1089 3557 1129 3607 et
1142 3536 1272 3605 amicissi

184 3634 363 3699 musenim
379 3630 573 3697 Gulielmus
589 3630 748 3698 Burcbcll
776 3652 838 3722 per
860 3628 1028 3718 plurimos
1057 3652 1174 3695 annos
1196 3629 1285 3719 pugn

178 3730 345 3814 (lapenscs
371 3738 405 3789 et
426 3723 539 3787 Cal'ras
564 3721 755 3789 indefessus
785 3720 1023 3811 perlustravit,
1040 3736 1078 3785 ct
1103 3722 1157 3787 ibi
1182 3714 1285 3785 deterit

181 3818 303 3902 stirpes
326 3814 523 3883 innumeras
541 3835 621 3879 mox
633 3813 677 3877 ab
691 3814 751 3879 illo
769 3812 919 3877 editurus
934 3824 969 3875 et
980 3832 1126 3877 mecum
1143 3808 1285 3877 benerolt

184 3920 461 3971 eerurnurucutus.

225 3995 300 4061 Dru.
325 3996 498 4059 Sectiones
523 3993 710 4071 naturales,
739 3995 975 4081 inposterum
1001 3991 1285 4059 verosimiliter
