2632 4612
63 244 67 254 .
159 207 182 259 a
346 232 350 239 -
378 184 638 254 DICOTYL.
663 203 737 255 sru
761 183 1051 259 EXOGENAE.

155 303 305 372 radiculal
318 304 361 371 ad
373 304 503 396 apicem
520 305 595 394 plus
612 302 767 371 minusve
784 304 979 387 incrassati,
1005 307 1264 399 cotyledonibus

181 396 277 461 lanis.

155 419 179 486 P
200 486 284 551 Vre.
305 484 456 551 Frutices
471 502 530 550 aut
545 486 666 551 Herbae
682 507 868 575 perennes,
880 487 1002 577 saepiits
1018 488 1150 577 glabrae.
1167 493 1262 558 Folia

179 576 331 659 etiolata,
349 575 508 640 radicalia
532 593 590 640 aut
604 576 738 641 caulina
753 577 901 655 alterna,
917 600 1010 642 nunc
1024 579 1193 668 simplicia
1210 583 1263 648 lo·

154 599 249 746 bata,
268 689 360 731 nunc
380 667 509 754 petiole
532 689 665 732 ramoso
697 683 756 730 aut
778 666 954 731 articulata
980 668 1190 754 multisecta,
1206 691 1265 739 aut

153 757 356 844 composita,
385 757 521 844 petiolis
545 755 719 820 interdirm
743 773 997 845 segmentorum
1022 758 1262 828 foliolorumve

154 845 277 909 abortu
288 845 331 910 ad
343 846 455 933 spinas
464 847 633 933 simplices
646 869 831 911 ramosasve
845 847 1008 935 reductis,
1017 848 1108 912 foliis
1120 853 1261 916 novellis

154 956 215 1001 seu
230 935 438 1000 secundariis
450 952 532 1000 tunc
544 937 759 1025 simplicibus
778 936 861 1000 folia
877 960 954 1002 vera
975 940 1209 1004 aemulantibus
1228 958 1261 1006 et

154 1026 192 1088 in
217 1024 326 1089 axillis
349 1027 524 1115 congestis.
552 1027 646 1091 Folia
673 1043 885 1115 segmentave
906 1027 1034 1109 oralia,
1049 1029 1177 1119 integra
1201 1047 1259 1095 aut

152 1115 423 1198 serrato-ciliata,
438 1133 497 1180 aut
520 1117 796 1198 serrato-lobea,
827 1117 1062 1218 penninervia.
1084 1119 1198 1185 Flores
1221 1122 1256 1184 in

155 1226 305 1270 racemos
319 1207 466 1270 mmulos
484 1207 704 1270 terminantes
717 1202 881 1294 dispositi.

197 1295 289 1360 Htsr.
315 1294 530 1360 Dioscorides
559 1295 654 1358 novit
670 1294 952 1360 berberidearum
975 1297 1102 1386 species
1128 1301 1258 1362 tantitm

154 1384 233 1464 a·3,
247 1387 281 1448 C.
303 1385 476 1449 Bauhinus
492 1388 531 1464 4,
555 1384 816 1448 Tournefortius
841 1406 880 1469 7,
896 1385 1054 1450 Linnaeus
1069 1388 1108 1467 6,
1126 1386 1259 1451 Wildc·

153 1476 285 1539 nowius
306 1478 362 1553 ι4,
381 1490 414 1538 et
426 1473 629 1537 Persoonius
645 1477 697 1551 24.
709 1473 827 1553 Nunc,
842 1478 1024 1560 praesertim
1041 1499 1082 1539 cx
1102 1478 1261 1563 nuperri-

152 1565 217 1627 mis
232 1564 268 1626 in
286 1564 475 1629 Americam
503 1579 680 1652 utramque
706 1562 1038 1653 peregrinationibus
1062 1565 1189 1652 species
1216 1570 1259 1644 44

152 1669 240 1718 uotae
257 1670 345 1717 sunt.

196 1745 306 1809 Drsra.
334 1765 455 1807 eroon.
478 1740 690 1809 berberideae
715 1744 884 1834 pleroequc
908 1743 946 1819 in
966 1747 1052 1808 zoni
1077 1747 1259 1833 temperata

151 1831 383 1921 hemisphaerae
397 1832 544 1896 borealis
568 1832 725 1897 habitant
748 1851 782 1898 et
807 1835 843 1897 in
868 1835 1032 1898 montosis
1051 1851 1261 1915 stant3non·
1303 1870 1307 1875 ·

151 1923 254 1989 nullm
270 1940 380 1988 tamem
402 1923 440 1987 in
457 1922 612 1988 America
627 1925 766 1988 australi
780 1945 888 2011 usque
902 1923 947 1986 ad
967 1924 1079 2012 plagas
1099 1925 1259 2013 Megella·

150 2013 242 2079 nicus
267 2025 407 2102 repertae
428 2012 577 2078 fuerunt
601 2014 651 2078 Ex
666 2015 769 2102 hujus
797 2013 930 2078 ordinis
945 2013 1141 2100 speciebus,
1158 2019 1260 2078 Ame-

149 2102 219 2167 rica
232 2103 377 2168 borealis
393 2104 454 2167 alit
467 2125 499 2191 7,
514 2104 669 2168 America
682 2103 836 2170 australis
854 2127 906 2188 17,
918 2102 1053 2193 Europa
1065 2104 1211 2168 borealis
1225 2126 1262 2183 a,

150 2209 275 2258 caeterae
289 2193 445 2257 habitant
459 2192 616 2282 dispersae
636 2195 671 2258 in
689 2194 776 2258 Asiae
791 2192 990 2282 regionibus
1002 2194 1121 2273 variis,
1136 2196 1261 2279 nemplr

149 2282 186 2346 in
228 2285 389 2349 rovinciis
411 2283 635 2348 orientalibus
658 2284 773 2349 stricte
800 2281 1000 2365 dictis6,in
1023 2282 1147 2347 Sibiria
1164 2283 1205 2360 5,
1223 2282 1260 2343 in

148 2306 255 2439 Indiae
288 2372 474 2462 provinciis
504 2372 700 2439 borealibus
727 2394 764 2455 2,
789 2373 826 2436 in
855 2372 965 2437 China
995 2388 1031 2441 et
1056 2368 1263 2460 tarpander

146 2463 251 2530 nullae
265 2480 379 2529 alitem
396 2461 606 2529 Borberideoe
618 2461 817 2529 adhucdum
831 2479 972 2552 repertae
985 2462 1127 2533 luerunt
1143 2482 1209 2525 nec
1223 2457 1261 2522 i'u
1292 2438 1308 2483 ⁸

146 2554 284 2639 Africa,
300 2578 363 2620 nec
385 2555 420 2618 in
446 2552 672 2636 Australasiel,
688 2577 752 2622 nec
778 2555 814 2618 iu
839 2555 967 2621 Oceani
991 2552 1070 2617 ullis
1099 2550 1221 2614 insulis
1241 2553 1262 2610 a

148 2647 348 2712 continente
360 2646 461 2734 longe
473 2641 610 2706 dissitis.

194 2745 272 2804 Ars.
296 2734 522 2815 llerberideae,
546 2732 680 2799 etiamsi
706 2756 826 2801 omnes
852 2733 922 2799 lruc
951 2748 1059 2815 utque
1083 2742 1170 2790 notae
1192 2727 1261 2789 sint

148 2826 253 2893 unico
277 2828 390 2893 fructu
413 2827 607 2903 instructae,
631 2821 888 2911 Menispermcis
915 2832 949 2881 et
973 2816 1048 2881 aliis
1077 2815 1260 2879 ordinibus

151 2918 334 3006 multiplici
351 2918 465 2980 fructu
481 2911 615 2977 donatis
634 2912 753 2978 aflines
764 2925 861 2990 sunt,
875 2908 1004 2972 fructus
1018 2906 1113 2971 enim
1130 2907 1259 2970 verosi·

152 3006 280 3071 militer
297 3005 440 3093 simplex
464 2999 576 3066 eradit
598 3002 720 3069 abortu
746 2999 884 3065 alterius
905 3013 964 3062 aut
990 2997 1136 3060 aliorum
1163 2996 1258 3058 utin

151 3094 213 3159 Del
239 3093 347 3158 hiniis
363 3093 550 3180 Actaeisque
572 3090 785 3195 monopynis.
800 3088 957 3155 Affinitas
977 3085 1258 3153 Borberidearurn

153 3199 187 3251 et
243 3185 531 3272 enispermearum
543 3204 561 3244 a
575 3182 743 3248 Botanacis
758 3182 829 3247 fore
844 3178 1005 3245 munibus
1018 3200 1111 3241 nunc
1132 3177 1257 3240 admit·

153 3275 237 3339 titur
251 3274 297 3339 oh
312 3287 493 3336 caracteres
505 3270 671 3359 plurimos
695 3271 830 3337 duobus
845 3270 1026 3337 ordinibus
1040 3287 1260 3344 communes,

153 3368 276 3457 nempe
288 3362 430 3428 stamina
444 3361 561 3449 petalis
575 3363 747 3449 opposita,
767 3376 960 3453 tegumenta
981 3358 1110 3423 floralia
1126 3355 1259 3444 regula·

152 3454 237 3523 riter
253 3450 478 3543 pluriscrialia
492 3451 613 3515 ordine
630 3468 729 3517 terno
745 3448 974 3540 quaternove(
991 3450 1166 3536 tiunquaim
1181 3448 1262 3511 verb

152 3545 314 3634 quinario
330 3544 341 3631 l
356 3540 674 3644 dispositn,fructus
687 3543 723 3606 in
739 3542 897 3629 plurimis
912 3541 1082 3619 basculos,
1099 3537 1260 3601 albumen

153 3631 446 3714 carnosum,sol1a
472 3632 600 3695 alterna
627 3647 688 3696 etc.
712 3633 760 3697 Ex
789 3633 893 3696 alteri
916 3647 1028 3718 parte,
1051 3625 1261 3693 llerberideae

154 3723 346 3805 herbaceae,
359 3722 503 3812 exempli
526 3721 652 3809 gratid,
669 3723 829 3788 Leontice
844 3738 878 3786 et
889 3720 1100 3825 Diplrylleiu,
1115 3715 1209 3779 valde
1221 3734 1263 3778 ex

151 3813 275 3881 babitu
287 3831 321 3878 et
335 3810 544 3876 lloresccntid
557 3810 884 3900 Podopltylleissunt
893 3812 1022 3891 aflines,
1031 3808 1090 3874 sed
1105 3805 1263 3871 anthera·

152 3928 231 3972 rum
242 3905 408 3971 structuri
427 3901 590 3968 l'acillimi
603 3901 646 3967 ab
662 3902 705 3967 iis
724 3919 760 3970 et
772 3902 816 3968 ab
834 3902 997 3969 omnibus
1010 3894 1262 3965 'Phalamilloris
