2632 4612
448 212 770 284 enucmsnn.
1095 223 1162 308 ιη

56 343 128 407 clim
138 334 295 404 radicula
307 330 433 399 fissurae
441 332 681 425 cotyledonum
697 335 855 426 adpressa
869 351 933 419 est,
945 353 1027 404 ωηο
1036 342 1163 431 cotyles

58 431 158 497 dones
181 448 319 514 semper
345 424 453 513 plante
475 424 687 489 accunrbentes
710 429 983 509 vocantur,ci1m
1010 429 1163 495 radicula

58 521 151 587 dorso
166 514 413 606 cotyledonum
427 514 597 578 incumbit
614 530 696 580 tuno
711 516 933 606 cotyledones
955 519 1164 585 twumbenm

58 610 238 690 dicuntur;
253 602 470 695 cotyledones
487 604 723 669 incumbentes
736 622 815 671 sunt
828 621 887 671 aut
905 608 1012 696 plane
1032 625 1066 673 et
1079 624 1163 675 ωηο

58 693 1163 787 strictioresensuimmeritadictae,autlongitudinaliterpliestoe,

59 791 145 879 spice
156 786 280 877 saepiirs
295 784 508 874 emarginatae
525 783 712 849 radiculam
728 785 764 848 in
777 787 855 850 sinu
867 787 1018 852 foventes
1032 804 1067 854 et
1080 794 1164 854 ωηο

59 877 285 968 wndrtplr'catoe
305 873 418 955 dicte,
439 895 532 937 nunc
557 873 700 939 lineares
725 874 894 963 spiraliter
918 877 1106 943 convolutas
1127 895 1164 946 et

60 982 135 1033 ωηο
156 965 289 1055 spitales
312 963 429 1044 dicte,
451 985 544 1027 nunc
566 962 703 1028 tandem
733 963 877 1030 lineares
904 965 956 1030 bis
975 971 1162 1035 transverse

78 1059 183 1123 licstoe
198 1071 234 1122 et
248 1070 332 1118 ωηο
341 1052 497 1142 biolicatoe
508 1067 566 1117 aut
576 1051 710 1117 br'crures
720 1051 819 1119 dictae
829 1054 900 1157 (1);
920 1056 959 1120 in
971 1057 1165 1148 embryoni·

60 1080 118 1213 bus
146 1142 408 1235 cotyledonibus
439 1140 719 1207 accumbentibus
758 1141 892 1209 donans
918 1145 1083 1212 Radicula
1112 1164 1164 1213 est

60 1235 220 1317 latomiis,
229 1235 266 1297 in
282 1232 444 1298 omnibus
459 1232 536 1296 aliis
546 1230 690 1297 dorsale.
701 1233 849 1324 Embryo
863 1235 937 1322 ipse
946 1235 1016 1300 lere
1029 1258 1163 1326 semper

60 1326 99 1390 in
120 1326 189 1389 situ
210 1323 347 1389 seminis
369 1321 516 1386 naturali
536 1320 640 1387 habet
664 1321 850 1388 radiculam
871 1323 1163 1414 cotyledonesque

62 1411 315 1497 adscendentes3
332 1411 460 1476 dieitur
478 1414 614 1476 diversus
624 1434 702 1477 cum
714 1413 866 1478 radicula
878 1413 1164 1504 cotyledonesque

59 1520 137 1569 sunt
156 1501 409 1569 descendentes
428 1501 473 1566 Hi
494 1517 677 1567 caracteres
703 1502 866 1569 etiamsie
904 1503 1034 1569 artibus
1047 1505 1164 1569 minu·

59 1594 195 1659 tissimis
221 1592 331 1674 eruti,
355 1590 485 1679 optime
511 1591 733 1657 videntur.in
758 1526 969 1676 seminibus,
992 1593 1164 1686 precipue

59 1700 132 1749 ante
146 1684 332 1773 perfectam
346 1680 571 1746 maturitatem
586 1698 644 1747 aut
656 1682 797 1748 ineunte
808 1680 1068 1773 germinatione.

98 1774 184 1840 Vre.
206 1770 330 1837 Herbe
342 1792 464 1835 ennuae
479 1785 538 1834 aut
550 1788 737 1859 perennes,
751 1775 837 1863 saepd
861 1772 1022 1855 biennes,
1036 1789 1095 1839 aut
1111 1796 1166 1841 ra-

59 1863 124 1929 rins
136 1861 335 1928 sulfrutices
346 1860 390 1924 ad
401 1881 574 1925 summum
586 1861 778 1952 tripedales.
791 1861 934 1929 Radices
946 1884 1166 1954 nuncperen·

60 1975 115 2019 nes
138 1974 273 2033 crassae,
288 1972 382 2015 ηηηο
402 1973 523 2017 annuae
542 1966 602 2015 aut
615 1950 760 2017 biennes
774 1952 931 2041 graciles,
950 1952 1020 2018 lere
1032 1976 1167 2045 semper

161 2041 356 2107 ridiculares
396 2039 640 2129 subsimplices.
683 2039 855 2106 Ridicule
876 2058 1070 2113 ,nascentes
1103 2067 1165 2111 co·

59 2064 205 2199 igrpliizd
232 2130 391 2196 birnlvie
409 2130 534 2195 cortice
559 2129 683 2196 radicis
704 2131 812 2221 ipsius
839 2131 1040 2223 regulariter
1062 2155 1103 2197 ru
1129 2151 1165 2200 to

63 2244 148 2288 ηηηο
163 2223 336 2287 instructae
346 2219 359 2307 (
368 2224 407 2285 rit
425 2221 462 2285 in
476 2219 641 2310 Raphano
652 2223 663 2306 )
675 2268 686 2302 ,
700 2242 793 2285 nunc
809 2221 909 2311 pleni
923 2221 1089 2287 destitutae
1099 2158 1165 2313 ἴα).
1199 2272 1201 2276 .

62 2312 174 2379 caules
186 2326 309 2378 teretes
320 2325 379 2375 aut
389 2310 604 2400 subangulsti
619 2359 629 2395 ,
650 2311 791 2393 ramosi,
806 2311 909 2377 etiam
923 2310 961 2375 in
972 2313 1096 2377 annuis
1106 2330 1167 2380 aut

61 2400 242 2468 biennibus
255 2403 343 2490 sae'pe
354 2400 426 2465 basi
439 2423 500 2504 per
512 2417 641 2466 oetatem
657 2401 809 2467 indurati
830 2401 996 2467 fruticosi.
1012 2402 1110 2469 Remi
1122 2423 1165 2469 ex

63 2493 164 2558 uillis
195 2491 361 2556 foliorum
387 2506 476 2573 ortt,
501 2491 692 2580 superiores
720 2494 901 2581 presertim
925 2491 962 2554 in
987 2492 1165 2580 speciebus

10 2588 14 2657 ’;
63 2583 178 2648 annuis
211 2580 369 2647 abortiri.
393 2580 532 2644 Racemi
553 2601 686 2669 semper
707 2581 947 2671 oppositilolii,
977 2581 1039 2647 sed
1073 2604 1167 2646 nune

67 2672 207 2737 ramulus
231 2671 378 2736 sxillnris
394 2670 572 2758 elongatur
583 2683 616 2735 et
632 2685 716 2733 ωηο
735 2682 887 2736 racemus
908 2672 988 2735 rere
1001 2672 1169 2759 oppositi·

66 2760 161 2828 lolius
174 2760 322 2842 dicitur,
337 2782 430 2825 nunc
444 2758 594 2823 ramulus
606 2758 732 2823 abortit
744 2774 778 2824 et
789 2779 941 2823 racemus
956 2774 1040 2823 ωηο
1050 2761 1169 2823 termi-

68 2851 145 2916 nalis
155 2849 280 2917 eredit.
292 2849 387 2915 Folia
402 2847 778 2938 simplicia,ssepissime
793 2846 954 2913 radicalia
962 2861 1022 2913 ant
1029 2848 1169 2932 alterne,

68 2942 167 3007 rarius
196 2963 220 3007 o
244 2940 353 3030 posita
371 2939 385 3027 (
397 2941 435 3003 in
449 2940 632 3022 Eunomii‚
655 2937 821 3025 Lunaril)
838 2952 871 3003 et
892 2952 975 3002 tune
994 2939 1171 3042 superiora

70 3033 183 3121 sepius
195 2964 344 3111 riierna,
356 3051 460 3095 nervo
475 3029 590 3095 medio
603 3028 743 3109 donata,
761 3028 1029 3117 pinnatinervia,
1040 3040 1173 3133 integra

70 3117 198 3186 dentata
213 3118 415 3211 pinnatilida
424 3120 694 3209 lyratasutvarid
705 3118 865 3202 dissecta,
875 3116 1039 3185 inferiora
1050 3123 1170 3209 seprius

96 3355 131 3421 (ι)
146 3356 180 3404 Ut
194 3356 281 3403 borum
294 3364 441 3403 caramerum
460 3352 581 3402 distinctio
601 3364 625 3401 et
638 3357 742 3417 gratim
759 3363 868 3417 pstesnt,
885 3355 959 3416 sigule
979 3353 1131 3416 sequentinm
1143 3357 1170 3401 in

71 3418 321 3483 nimquam-sad
331 3434 411 3467 eorm
429 3418 597 3466 indicationem
613 3421 689 3467 oeulis
704 3428 838 3482 promptu
854 3418 1170 3482 erumpendum

72 3485 152 3545 tipum
163 3501 180 3531 o
192 3500 240 3549 pro
256 3484 392 3533 redimiret
402 3484 476 3531 linesi
486 3487 618 3546 geminatas
632 3499 679 3549 pro
692 3481 876 3553 mplrdonlbu
884 3485 975 3544 ,tutio
988 3486 1084 3533 nnius
1093 3493 1171 3533 tun·

73 3550 157 3597 tutelis
163 3552 273 3613 sequenti
283 3549 355 3596 nodo
368 3546 518 3596 treberis:

73 3608 218 3673 &triadum
230 3612 397 3661 accumbentes
401 3646 474 3664 .....
495 3629 544 3661 o==

221 3678 392 3727 incunbentes.
398 3712 471 3730 .....
492 3693 508 3725 o
518 3677 532 3741 ll

222 3743 433 3806 condupliutae...
443 3777 466 3793 ..
487 3741 543 3809 o»
605 3760 609 3769 ’

220 3808 469 3935 tltltztxxt:
489 3814 521 3937 :l
546 3804 611 3935 lli.

8 3950 11 3963 ἱ
104 3932 499 4006 blensensis-tepeat..
514 3936 685 4003 ruspare
