2632 4612
491 254 843 329 concarata·
1137 269 1205 350 aar

94 381 204 451 valvis
229 380 436 446 indistinctis
466 397 524 443 aut
545 379 640 445 tarde
664 379 913 447 secedentibus.
936 380 1072 448 Semina
1096 386 1213 455 oralia.

96 471 325 563 Cotyledones
339 471 466 560 planae,
483 471 720 535 accumbentes
736 470 749 558 (
765 492 841 536 o:
853 470 891 558 )'

141 561 368 714 ⁰⁸⁵pT¹lib¹¹⁵
392 560 508 648 paucis
524 558 707 648 generibus
730 577 903 647 constans,
921 564 1033 631 forsan
1049 586 1118 631 non
1134 569 1215 633 satis

96 669 214 719 natura
231 674 268 715 rs.
1006 683 1009 689 ·

438 789 534 853 XL.
563 789 851 854 EUGLIDIUM.

180 955 356 1016 Anastata'cae
369 975 413 1030 sp.
428 957 498 1012 Lan.
514 957 593 1011 Juss.
607 955 685 1011 Lus.
698 955 797 1012 Nacs.
810 984 852 1000 ·-
865 955 959 1013 Soria.
970 958 1210 1033 Astansfamm·

215 1060 253 1115 p.
270 1043 340 1110 dar.
358 1038 451 1094 Dasv.
458 1039 560 1108 joam.
575 1035 604 1094 3.
615 1056 654 1112 p.
674 1031 739 1094 168.
756 1049 775 1092 t.
788 1032 871 1110 alas.
886 1034 915 1096 3.
930 1069 971 1085 -
991 1038 1211 1102 Hierochontis.

224 1123 345 1177 Manu.
363 1122 394 1175 in
424 1123 483 1176 Ust.
503 1139 572 1176 ann.
601 1135 672 1195 a.p.
693 1122 742 1192 4ο.
760 1138 818 1176 non
840 1121 955 1178 Anias.
970 1150 1010 1167 -
1031 1121 1210 1183 Euclidium.

223 1203 350 1260 Bnown.
363 1202 437 1259 hort.
454 1203 535 1259 Ilecv.
549 1201 595 1257 ed.
612 1217 639 1258 a.
653 1221 685 1258 v.
693 1207 723 1273 4.
726 1220 765 1276 p.
778 1205 827 1276 74.

143 1335 207 1399 Fa.
231 1330 338 1419 Calyx
353 1329 604 1396 erectiusculus.
620 1329 733 1395 Petala
749 1329 902 1396 obovata.
919 1332 1020 1397 Stant.
1042 1332 1213 1404 edentula.

97 1421 241 1491 Silicula
263 1421 448 1510 drupacea,
479 1419 684 1501 ventricosa,
709 1437 803 1487 ovata
824 1437 884 1486 aut
901 1420 1063 1507 obovata,
1084 1428 1214 1492 suturis

96 1513 272 1578 valvarum
291 1532 361 1574 non
376 1509 625 1574 dehiscentium
637 1510 842 1594 manifestis,
854 1511 939 1601 stylo
951 1512 1109 1578 subulato
1122 1514 1213 1580 obli·

96 1623 171 1692 qno
197 1601 396 1690 persistente
417 1614 475 1663 aut
504 1601 579 1664 serd
603 1594 750 1665 deciduo
785 1601 978 1685 terminata,
1002 1602 1211 1670 bilocularis.

97 1688 722 1779 Seminainquoqueloculosolitaria,
753 1688 1211 1783 cndula,ovato·oompressa.

95 1781 324 1870 Cotyledones
338 1780 459 1868 planae,
474 1779 710 1845 accumbentes
726 1713 771 1868 i⁰
784 1807 828 1840 =
849 1830 857 1846 .

144 1871 231 1937 Vae.
254 1870 375 1935 Herbae
394 1869 532 1953 arinuae,
551 1885 677 1935 erectae.
693 1870 803 1936 Radix
814 1870 960 1960 gracilis.
975 1872 1090 1937 Caulis
1102 1888 1212 1955 teres,

99 1958 349 2051 sesni-pedalis,
377 1981 538 2024 ramosus.
568 1959 663 2024 Folia
686 1958 845 2024 radicalia
869 1961 1030 2063 petiolata
1058 1963 1211 2053 pinnati·

98 2052 233 2135 lobata,
255 2048 389 2114 caulina
413 2049 559 2138 oblonga
585 2065 644 2112 aut
659 2049 820 2132 linearia,
837 2050 969 2140 integra
991 2068 1051 2116 aut
1065 2051 1211 2119 dentata.

97 2141 240 2207 Racemi
257 2139 500 2228 oppositilolii,
514 2138 634 2220 erecti,
649 2139 842 2230 snbspioati.
860 2140 977 2205 Flores
989 2143 1185 2233 subsessiles
1200 2195 1211 2226 ,

100 2232 257 2311 minimi,
270 2230 360 2311 albi,
375 2229 567 2293 ebracteati.

147 2323 221 2386 Oss.
234 2319 349 2385 Genus
362 2318 479 2383 differt
490 2318 533 2381 ab
543 2317 738 2383 Ochthodio
749 2320 875 2384 suturis
885 2320 1093 2385 valvularnm
1104 2324 1213 2386 nrani-

97 2411 195 2477 festis
206 2427 239 2476 et
255 2409 366 2496 calyce
390 2431 459 2473 non
481 2424 615 2497 patente
633 2408 693 2472 sed
705 2410 950 2492 erectiusculo,
963 2410 1005 2474 ab
1021 2413 1212 2488 Anastatical

97 2500 242 2564 valvulis
256 2503 352 2563 ertias
365 2498 552 2588 appendice
576 2497 837 2562 auriculaeformi
859 2521 928 2563 non
943 2501 1097 2584 accretis,
1114 2501 1209 2565 locu·

96 2591 212 2677 lisque
227 2588 519 2678 aneon-spermis.
1185 2658 1188 2662 ,

145 2674 236 2745 Non'⁸
258 2679 393 2744 Nomen
422 2674 573 2742 Euclidii
609 2677 740 2741 etiarnsi
773 2677 942 2743 recentius
976 2677 1103 2742 retinui
1129 2679 1208 2766 quia

95 2769 342 2836 Hierochontis
351 2767 474 2831 alludit
488 2766 530 2832 ad
546 2767 850 2845 Hierochnntinam
867 2789 976 2831 rosam
992 2767 1056 2832 sub
1067 2769 1208 2833 Anasta·

97 2859 166 2924 tica
178 2882 271 2924 nunc
285 2858 486 2947 descriptam
499 2874 533 2923 et
544 2857 642 2922 Seria
657 2874 708 2924 est
720 2860 738 2920 d
751 2858 844 2946 Syria
855 2871 1064 2946 corruptum.

150 3023 185 3074 1.
213 2997 432 3073 Euclidium
451 2998 660 3096 Syriacum.

95 3149 136 3215 E.
150 3147 293 3212 siliculis
307 3146 449 3227 scabris,
465 3149 550 3237 stylo
562 3148 719 3214 subulato
730 3148 947 3237 persistente,
960 3146 1054 3213 foliis
1067 3148 1209 3216 caulinis

93 3320 98 3335 Ι
144 3235 532 3328 petiolatislanceolatis·

97 3348 537 3491 maternitate:-
545 3350 808 3489 &latialiall

96 3487 247 3560 Hyagrnm
257 3495 273 3542 ὲ
285 3489 411 3543 Sumatra
421 3502 448 3541 et
459 3487 535 3541 Soria
545 3489 648 3541 semine
658 3488 769 3559 spinoso
781 3486 864 3541 simili
875 3487 955 3561 capiti
966 3489 1089 3542 Aniculae.
1099 3497 1162 3541 Zaa.
1173 3493 1211 3541 ist.

97 3565 312 3700 Rapiriiristrnm
328 3646 550 3702 monosperrnnrn
562 3627 670 3699 capsula
687 3627 801 3700 ospitati
812 3641 839 3680 et
855 3629 973 3681 aculeata
986 3626 1020 3681 ad
1033 3629 1117 3681 instar
1131 3629 1213 3680 rostri

135 3698 255 3751 aviculae.
267 3698 352 3751 Moris.
367 3719 441 3751 oxon.
456 3717 480 3750 a.
487 3719 516 3770 p.
530 3700 589 3767 327.
601 3716 622 3747 s.
636 3697 661 3749 3.
672 3709 691 3750 t.
707 3702 748 3750 25.
757 3698 783 3763 s.
796 3717 820 3751 r.

100 3767 217 3839 Tblaspi
229 3769 392 3821 fruticosum
409 3769 578 3821 Moravicum
591 3766 671 3819 affine
686 3766 834 3839 Thlaspide
851 3767 962 3819 Hierico
982 3766 1121 3838 sylvestre.
1136 3773 1209 3819 Boea.

101 3839 412 3961 Cocmlileiiiidiiiiialis
424 3869 490 3960 dore
502 3907 625 3960 minimo.
641 3913 737 3960 Toum!
749 3927 798 3959 cor.
812 3908 853 3959 1⁵.
868 3906 947 3956 Vaill!
958 3904 1025 3958 derb.

103 3977 258 4038 Anastttica
271 3996 330 4052 qun
341 3977 486 4050 Mytgmm
500 3976 650 4064 &Sumatrl
662 3991 689 4033 et
701 3978 788 4050 Syrie.
805 3981 881 4030 Gran.
891 3979 976 4028 odeat.
988 3976 1031 4046 78.
