2632 4612
482 174 816 245 CRUCIFERAE.
919 190 923 196 ’
982 187 985 193 ’
1131 177 1203 250 623

83 308 104 347 ·'
132 293 197 370 33.
224 293 377 392 sinapis
400 294 524 391 apula.
552 294 584 392 †
1308 298 1313 305 '

79 418 115 495 S.
140 418 276 506 siliquis
304 414 682 521 levibus-patentibus,
703 418 789 505 stylo
810 416 962 522 oblongo
985 443 1200 510 compresso,

127 509 221 574 foliis
234 506 642 610 runcinato·prnnatifidis
654 506 798 596 glabris,
809 507 944 574 laciniis
959 511 1120 578 omnibus
1133 515 1202 578 lan·

127 599 266 665 ceolatis
284 596 430 662 dentatis
442 597 560 661 acutis.

79 684 190 758 Sinapis
201 686 289 758 apula.
305 692 391 739 Terror.
404 705 459 758 app.
466 688 557 758 primis.
570 695 618 736 cat.
633 684 695 738 liert.
707 683 790 757 καροῖ.
796 704 826 756 p.
840 688 884 740 60.

79 755 151 810 liuh.
163 756 192 808 in
201 757 272 809 arria
281 756 392 828 Apulia.

400 874 503 941 Secti'
524 898 557 940 v.
580 896 815 940 orsaccrnu.
840 874 888 964 (1)

166 1015 303 1092 Sinapios
318 1034 362 1092 sp.
379 1017 448 1074 Ara.
460 1047 501 1062 -
517 1013 685 1089 Hesperidis
697 1033 739 1088 sp.
754 1014 833 1074 derb.
849 1017 960 1074 Banls.

90 1156 94 1161 ·
128 1122 209 1187 Cau.
233 1121 335 1208 Calyx
350 1120 586 1210 semi-patens,
598 1117 670 1184 basi
686 1118 884 1185 bisaccatus.

128 1212 205 1276 Oas.
229 1211 339 1275 Sectio
358 1210 461 1274 dubia
485 1224 520 1274 et
544 1208 656 1273 forsan
682 1230 789 1298 genus
818 1210 1018 1298 proprium!
1035 1213 1200 1283 Differta

80 1300 217 1388 sinapis
236 1301 325 1364 veris
352 1307 391 1383 1⁰,
414 1299 526 1388 calyce
543 1297 710 1365 bisaccato
723 1320 786 1363 nec
801 1300 946 1388 aequali,
962 1305 1199 1392 semi-patente

79 1414 149 1458 nec
165 1389 356 1479 patu10320.
382 1389 513 1477 siliqua
534 1389 750 1454 teretiuscula
762 1439 771 1468 ,
785 1389 888 1453 valvis
910 1395 1066 1457 concavis
1085 1397 1201 1461 medio

79 1481 271 1570 nervigeris
286 1478 372 1567 stylo
395 1501 505 1544 crasso
520 1478 720 1547 brevissimo
743 1495 777 1544 et
792 1481 947 1569 stigmate
964 1482 1111 1571 capitato
1122 1481 1203 1551 sirb-

79 1570 203 1638 bilobo
226 1569 425 1653 terminata3
440 1569 488 1633 3⁰.
502 1568 771 1658 Cotyledonibus
794 1569 1075 1640 incumbentibus
1089 1579 1201 1641 curvis

80 1678 149 1727 nec
170 1660 283 1724 forsan
310 1661 388 1723 vere
415 1656 733 1747 conduplicatis.Ex
755 1658 945 1737 seminibus
966 1685 1030 1729 nec
1054 1668 1201 1732 omninb

81 1751 227 1817 maturis
242 1773 304 1814 nec
327 1749 485 1838 plurimis
501 1749 595 1813 hunc
611 1765 814 1815 caracterem
829 1749 904 1816 erui
923 1767 957 1818 et
971 1750 1052 1820 idei)
1072 1754 1201 1823 dubius

80 1841 232 1907 remansi
249 1863 291 1903 an
307 1840 397 1904 inter
419 1838 663 1929 Orthoploceas
686 1861 746 1904 seu
761 1838 985 1908 Notorhizeas
1004 1843 1058 1909 hae
1071 1849 1202 1936 species

82 1929 291 1999 collocandae
301 1929 378 1994 sint.
391 1928 425 1993 Si
438 1929 528 1994 inter
539 1929 761 1995 Notorhizeas
772 1931 1203 2026 admittantur'ttrncgenus

83 2019 240 2089 medium
257 2019 347 2084 inter
362 2019 586 2108 Hesperidem
600 2036 634 2085 et
649 2021 875 2110 Sisymbrium
890 2022 1048 2089 formant.
1064 2028 1100 2090 Si
1112 2027 1204 2092 inter
1299 2022 1303 2029 ’

82 2111 331 2200 Ortbnplocens
345 2131 439 2174 veras
454 2109 723 2174 adnumerantur
736 2125 819 2174 tunc
833 2112 936 2176 etiam
949 2108 1203 2207 innter'Sinapim

83 2198 121 2273 et
132 2200 380 2266 Moricandiam
394 2199 535 2280 mediae,
548 2199 665 2287 calyce
678 2202 802 2289 nempe
819 2217 956 2289 patente
971 2205 1060 2269 utin
1072 2207 1204 2296 Sinapi,

82 2290 253 2359 bisaccato
276 2290 371 2356 utin
397 2287 620 2355 Moricandii.
639 2290 756 2354 Genus
775 2313 812 2354 er
833 2312 854 2354 o
870 2291 1111 2360 verosimiliter
1123 2318 1203 2389 pro·

81 2383 201 2475 prium
216 2381 277 2446 sed
294 2381 382 2446 mibi
399 2380 561 2444 nonsatis
577 2395 700 2444 notum
717 2395 757 2444 ut
769 2313 921 2445 stabilire
934 2400 1067 2470 queam.

135 2499 197 2587 34.
226 2498 375 2593 Sinopis
394 2497 616 2571 srulescens

82 2623 119 2691 S·
142 2620 255 2709 calyce
277 2621 444 2684 bisaccato
474 2617 567 2683 foliis
590 2618 771 2700 coriaceis,
789 2620 1011 2686 inferioribus
1034 2622 1202 2716 oblongo-

130 2710 329 2775 lanceolatis
347 2710 416 2774 basi
432 2710 611 2774 attenuatis
626 2709 845 2775 subdentatis.

81 2800 196 2872 Sinopis
206 2801 364 2853 frutescens.
376 2802 429 2850 Ait.
438 2803 505 2851 Kese.
516 2797 557 2851 ed.
569 2815 627 2852 Μ.
641 2816 700 2868 ap.
714 2803 775 2862 404.
788 2798 828 2852 ed.
839 2816 864 2851 a.
874 2817 903 2850 a.
919 2805 945 2863 4.
949 2816 982 2872 p.
994 2814 1053 2870 ¹⁵7·
1067 2800 1154 2856 Wllld.
1166 2820 1203 2876 sp.

81 2871 340 3012 nibini’limu.
356 2936 540 2991 rainois!
804 2928 807 2933 ·

80 3010 157 3065 nab.
172 3011 199 3091 in
213 3009 322 3062 Maderl
335 3010 406 3062 inter
417 3028 499 3081 rupes
512 3025 599 3081 prope
617 3004 714 3060 Curral
726 3004 773 3060 das
785 3006 890 3060 Freiras
903 3008 1046 3077 (Messon).
1066 3013 1102 3080 5.
1116 3013 1164 3082 (v.
1179 3032 1201 3066 s.

81 3080 393 3212 uillisuliiidiiliids,
412 3161 499 3215 teres,
515 3167 654 3213 ramosus,
673 3161 831 3213 tortuosus,
850 3166 897 3200 ees
918 3111 1021 3214 itos'us,
1041 3148 1141 3205 florens
1155 3154 1203 3207 vix

122 3218 316 3290 semipedalis,
334 3220 457 3272 fructifer
478 3221 534 3272 fore
547 3217 749 3342 respuipedalia.
769 3218 844 3270 Folia
864 3167 992 3272 iuliriora
1011 3219 1046 3273 ad
1064 3241 1204 3276 ramorum

83 3298 86 3303 .
121 3290 228 3379 ¹picem
243 3290 384 3370 anthescos
400 3303 523 3369 tempore
537 3308 588 3371 con
602 3303 677 3352 ertu,
691 3288 982 3369 oblongo-lanceolata,
991 3291 1054 3372 'basi
1070 3306 1204 3359 eunmta,

119 3358 1204 3501 {titulssltlft’tltg‘lff‘tmlsstfddtfllllldllaffdztttglbtt

119 3513 149 3554 et
164 3501 241 3570 apice
252 3514 407 3563 attenuata,
420 3498 542 3566 integra3
556 3516 661 3549 summa
673 3516 758 3568 pauca
775 3498 893 3551 linearia.
911 3499 987 3553 lierni
1008 3500 1121 3554 floriferi
1135 3504 1203 3554 sub-

119 3570 279 3625 dicbotome
300 3569 416 3633 ramosi,
433 3566 572 3632 subuudi,
593 3566 721 3637 elongati.
740 3567 865 3621 Prdicelli
885 3568 1044 3635 fitifsrmes,
1066 3574 1164 3634 erecti,
1186 3579 1203 3634 4
1308 3570 1311 3577 “

84 3642 90 3655 ’
118 3640 173 3695 lin.
189 3640 301 3721 demum
314 3640 398 3721 longi.
413 3638 500 3708 Calyx
514 3636 645 3718 deciduus
658 3639 836 3720 semipateps,
851 3640 948 3721 sepelis
955 3630 1203 3711 'oblongo-lineari·

119 3712 187 3770 bus,
202 3729 215 3760 a
227 3710 282 3761 basi
295 3723 415 3761 sacratis.
427 3707 520 3758 Flores
530 3705 719 3775 magnitudine
731 3707 904 3769 Cberrantlu,
916 3710 1004 3764 forsan
1016 3713 1204 3776 versicolores,

116 3780 244 3853 juniores
264 3777 361 3849 pallide
375 3777 445 3829 flavi.
461 3777 550 3830 Petala
565 3777 757 3845 unguiculas,
770 3777 856 3832 limbo
876 3780 996 3852 elliptico
1010 3783 1058 3835 vix
1076 3783 1202 3834 obovato.

81 3918 90 3953 ³
121 3923 645 3991 (1)Extsr,uts,emmu,ssscu1us.
