2632 4612
438 226 774 300 caucrraan.
1093 233 1160 325 145

48 351 284 449 longiusculus
298 364 334 414 et
348 349 386 413 in
402 348 592 414 Siliculosis
613 349 831 417 brevissimus
846 368 904 417 aut
917 351 1031 420 nullus
1046 356 1164 422 obser·

47 466 150 515 ratur.
177 446 373 511 caracteres
393 440 640 505 constantiores
664 458 699 507 et
715 443 854 531 majoris
873 459 911 507 ut
934 443 1070 509 videtur
1089 470 1165 511 mo·

48 536 150 605 menti
164 531 296 625 reperti
313 530 676 597 fueruntaGoertnero
694 533 776 597 etin
798 533 887 597 notis
901 536 1068 623 genericis
1086 540 1104 598 11
1121 537 1164 602 01.

46 628 125 695 1101).
141 628 270 691 Brown
277 620 428 686 feliciter
438 620 641 699 introducti,
651 624 800 712 excerpti
816 647 893 687 nem
921 626 1165 691 aeSeminum

47 718 171 785 fabrica
180 714 321 779 interni
335 726 369 776 et
379 710 556 799 speciatim
570 714 589 776 e
604 711 673 775 situ
685 712 827 777 relativo
835 648 1007 779 llatliculoe
1019 733 1052 779 et
1064 719 1165 806 Coty·

48 809 226 875 ladonam.
242 803 290 867 Hi
300 816 502 885 caracteres,
518 800 636 882 fateor,
660 802 824 891 plurimas
841 805 1032 891 specierum
1046 829 1168 872 conso·

49 898 212 965 ciationes
231 896 302 981 jam
327 891 470 981 alonge
491 907 645 979 tempore
669 891 839 957 institutas
858 910 895 959 et
915 896 1168 963 consuetudine

51 988 147 1079 quasi
172 999 305 1049 sanctas
330 997 512 1071 rumpunt,
527 978 586 1045 sed
610 1002 734 1070 genera
761 1005 803 1047 ex
827 983 869 1047 iis
891 981 1067 1073 desumpta
1098 1010 1168 1051 non

53 1081 185 1145 tantum
212 1072 358 1138 certiora
377 1070 438 1135 sed
465 1070 566 1135 etiam
597 1072 706 1137 multo
729 1074 837 1163 magis
851 1075 1016 1141 naturalia
1042 1094 1169 1141 etcum

53 1168 176 1235 habitu
207 1161 432 1252 congruentia
461 1159 618 1225 evadunt.
650 1160 691 1226 ln
722 1160 971 1227 Cruciferarum
1001 1168 1170 1249 structura

54 1256 156 1324 valde
164 1252 332 1343 singulare
348 1251 436 1315 mibi
448 1249 599 1333 videtur,
617 1250 712 1339 quod
728 1274 847 1317 omnes
860 1250 1033 1319 fructuum
1054 1256 1171 1321 formas

55 1348 145 1412 hinc
166 1343 247 1408 inde
258 1342 482 1407 observantur
497 1342 687 1429 conjunctae
712 1366 789 1407 cum
815 1343 978 1408 omnibus
1000 1346 1172 1411 seminum

59 1434 199 1503 fabricis
211 1432 375 1514 internis,
386 1430 471 1495 adeo
484 1447 521 1495 ut
535 1432 564 1495 si
575 1448 725 1497 caracter
744 1433 926 1523 primarius
944 1435 963 1498 ὁ
978 1434 1173 1523 Pericarpio

58 1526 233 1593 institutus
245 1524 289 1587 sit
301 1538 387 1587 tunc
396 1522 433 1585 111
445 1526 581 1610 quaque
593 1523 686 1587 tribu
698 1546 821 1613 genera
830 1524 1022 1591 seminibus
1031 1526 1173 1590 dirersis

57 1618 183 1683 donata
207 1626 449 1679 coacervantur
472 1630 506 1677 et
528 1611 557 1675 si
583 1629 731 1677 caracter
751 1613 933 1703 primarius
961 1617 979 1679 ὸ
1002 1616 1174 1691 sencinum

57 1708 224 1773 snucturd
233 1702 431 1769 instituatur
442 1716 523 1766 tunc
537 1702 573 1765 in
585 1706 720 1791 quaque
734 1703 828 1769 tribu
839 1727 963 1795 genera
975 1706 1175 1795 perticas-piis

58 1795 200 1862 disemis
216 1793 342 1858 donata
351 1791 571 1882 colliguntur.
584 1794 630 1858 Ut
640 1794 711 1858 baec
720 1792 901 1882 dispositio
916 1796 1013 1860 feres
1037 1796 1176 1861 metrica

61 1887 167 1953 oculis
179 1884 307 1951 clarius
319 1898 446 1972 pateat,
458 1882 607 1946 tabulam
623 1882 834 1975 synopticam
847 1902 881 1950 ct
892 1884 987 1975 quasi
1010 1821 1110 1975 dytlm

1136 1909 1175 1951 0-

62 1978 165 2043 ricam
174 1974 320 2064 adjunxs
333 1994 343 2056 ς
355 1974 392 2037 111
407 1974 446 2037 ed
455 1972 581 2037 Tribus
593 1974 844 2039 Crucilerarum
860 1975 982 2039 ordine
993 1910 1144 2041 rcrncali
1157 1981 1177 2042 ὸ
1262 2020 1266 2029 -

10 2116 13 2139 ,
64 2066 256 2133 seminibus
271 2078 306 2127 et
328 2061 451 2129 ordino
474 2062 680 2129 horizontali
697 2066 715 2130 ὸ
732 2065 932 2155 pericarpiis
954 2056 1127 2157 disposui,
1144 2084 1178 2132 et

10 2146 16 2225 1
67 2158 132 2223 11οὸ
145 2177 274 2249 genera
285 2166 451 2237 caractere
467 2152 615 2243 quodam
627 2152 697 2220 illis
712 2157 889 2223 communi
907 2157 943 2220 in
961 2154 1104 2222 diversis
1116 2158 1178 2222 tri-

10 2242 15 2249 '
67 2246 127 2311 bus
144 2262 291 2337 cognata
311 2266 407 2309 secus
423 2245 549 2309 lineam
573 2246 712 2310 unicam
733 2245 981 2311 lioriaontalcm
1002 2248 1179 2331 collocavi.

69 2338 153 2403 llinc
166 2335 330 2401 botanico
344 2334 470 2423 cuique
485 2334 584 2399 lacile
605 2351 699 2425 patet
721 2335 854 2401 ordinis
877 2358 995 2402 norma
1013 2336 1138 2427 duplex
1160 2344 1179 2403 ὸ

12 2472 17 2477 -
70 2427 395 2517 pericarpionempt'r
407 2442 442 2506 et
456 2425 631 2492 desemine.
645 2427 808 2493 Normam
821 2430 839 2493 ὁ
852 2428 983 2493 semine
1000 2428 1180 2522 deductam

16 2532 19 2537 '
73 2540 127 2607 ego
138 2534 276 2583 secutus
288 2540 376 2601 sum,
387 2525 431 2580 1⁹.
440 2516 521 2603 quia
536 2532 718 2580 caracteres
727 2516 889 2669 {permici
901 2521 1089 2608 generatim
1102 2518 1183 2597 sunt

9 2616 28 2657 ‘'-
75 2608 227 2673 certiores
251 2631 261 2689 3
286 2614 333 2672 'a'·.
358 2606 439 2694 quia
464 2626 586 2694 genera
620 2606 729 2693 c'otyle
755 2605 880 2671 onibus
911 2608 1182 2698 conduplicdtis',

9 2702 30 2749 '-=
76 2698 250 2787 spiralibus
263 2713 297 2761 et
310 2696 505 2777 bicruribus
518 2694 642 2761 donata
655 2694 740 2760 adeb
762 2696 852 2760 inter
863 2718 898 2781 se
919 2714 1000 2761 sunt
1012 2696 1130 2761 affinia
1144 2713 1184 2762 ut

9 2764 34 2851 1
79 2790 166 2854 nullo
181 2785 289 2853 modo
308 2787 377 2852 sint
396 2786 432 2849 in
448 2783 570 2850 ordine
595 2784 742 2849 naturali
759 2784 971 2874 separabilia.
987 2774 1065 2873 Νριι
1080 2778 1188 2857 'miuri-¹

9 2886 26 2921 ⁸
84 2900 167 2944 num
187 2894 303 2943 autem
323 2892 534 2942 momentum
558 2876 640 2940 huic
659 2874 871 2941 ordinationi
896 2868 1023 2941 lineari'
1040 2868 1182 2961 addidi,

9 2974 28 3013 ²¹
85 2956 1185 3057 nammibionrtrlubconstatordinemlinearemsempe'r'mincum

9 3062 45 3133 *a
88 3076 148 3123 11111
161 3076 195 3124 et
207 3054 584 3147 relationes'corporum
600 3057 806 3122 naturalium
823 3056 946 3123 ordine
981 3058 1185 3149 eog'rapliico

9 3136 47 3233 *l
91 3152 208 3213 1111111111
231 3148 468 3238 exprimendas
484 3170 554 3213 esse
568 3148 622 3237 (⁴⁸).
636 3149 714 3213 Non
730 3165 842 3217 tamen
859 3147 917 3213 bic
931 3080 1049 3241 sileam·
1065 3146 1188 3237 discri-

9 3240 47 3289 ffii
93 3238 172 3303 aina
194 3254 286 3305 tanta
308 3238 397 3303 cirea
420 3238 663 3327 cotyledonum
683 3254 885 3305 structuram
904 3232 940 3303 in
964 3238 1085 3305 ordine
1093 3236 1188 3305 'aldeb

9 3326 42 3409 ξ’
95 3328 224 3393 naturali
250 3329 440 3411 observata,
465 3328 645 3417 paululum
672 3330 856 3395 caracteres
881 3328 1035 3396 classicos
1065 3324 1113 3395 ex'
1135 3331 1189 3395 his

8 3414 44 3465 ⁵¹²
97 3420 211 3507 organis
225 3418 422 3510 desumptos
436 3418 627 3484 debilitare.
678 3482 681 3487 ,
1101 3438 1104 3443 ·

14 3508 46 3545 ἔξ

13 3542 32 3575 1.·

8 3596 47 3643 mr*
965 3592 968 3597 '
1047 3592 1063 3621 -t

121 3634 249 3701 (10011111
262 3596 846 3715 necnetumeamm‚ec.cpuratis:,
876 3618 879 3623 ⁵
916 3596 919 3601 ·
947 3684 951 3695 ,
1012 3708 1016 3715 Ι
1045 3704 1051 3714 ¹
