2640 4626
97 210 170 285 616
329 215 577 286 DICOTYL.
604 238 681 288 ssu
706 216 979 287 EXOGENAE.

12 366 19 382 .
132 330 213 395 diceli
227 343 338 398 teretes,
350 336 397 387 s·3
416 336 464 387 lin.
477 336 563 405 longi.
576 333 683 407 Siliquoe
694 335 804 404 glulnae,
821 347 918 387 teretes
929 332 977 387 sed
990 330 1118 386 nervulis
1131 331 1215 405 pluri·

133 402 185 453 mis
198 403 361 472 promiunlis
370 404 614 474 longitudinalibus
624 405 852 473 multangulares,
866 417 961 458 sreotae
971 417 1019 456 sut
1028 402 1218 465 snbinourroe,

135 472 164 523 in
177 490 287 542 qnoque
301 473 392 525 loculo
406 493 611 546 9·rs·spermae‚
623 475 772 527 seminibus
783 473 948 546 prominnlis
960 486 1076 534 torosa,
1092 472 1218 543 pollicem

135 542 238 610 longae,
249 556 338 595 rostro
359 551 373 607 ιί
394 545 441 596 lin.
460 545 542 615 longo
558 551 657 617 nempe
671 544 768 616 siliqul
786 543 870 615 triplb
888 543 1017 596 breviore
1029 540 1161 596 subulsto
1174 542 1221 594 rix

136 611 301 682 snbancipiti
316 613 472 666 terminato.

104 704 246 774 specimen
257 705 376 758 herbarii
387 707 579 760 Linnoeihnbet
588 708 857 780 siliqussretrorslrm
873 706 1062 779 pilosiusculas
1081 715 1110 758 et
1123 704 1222 777 speciei

140 775 265 844 sequenti
274 776 411 845 pertinere
428 776 555 842 ridetur,
568 778 614 830 sed
628 799 639 831 s
660 796 800 850 nonymon
813 777 916 829 Linnssi
937 796 972 829 ex
987 775 1082 848 plsrssi
1099 789 1128 827 et
1142 793 1222 847 syno-

31 844 34 853 '
135 844 230 915 nymit
250 845 305 896 hnc
326 846 499 900 referendum
519 849 619 900 est.1n
641 797 719 900 Serb.
739 848 770 900 C.
786 847 902 900 Bsuhini
921 848 1004 900 etism
1018 842 1079 899 ridi
1098 844 1222 915 Sinspin

140 914 301 967 orientalem
312 916 363 968 sub
375 918 486 970 nomine
499 920 605 990 ttaps'sm'
610 918 677 988 flore
689 919 762 971 luteo.

162 1061 217 1132 ¹9·
245 1036 394 1131 Sinopis
415 1037 633 1112 Orientalis.

108 1182 138 1247 S.
169 1182 304 1270 siliquis
326 1187 509 1247 retrorsum
535 1184 765 1338 Eilosiusculis
792 1183 1041 1279 subtetragonis
1063 1183 1224 1250 torulosis

155 1287 262 1336 rostro
277 1274 374 1337 tenui
387 1273 535 1338 breviori
563 1298 611 1341 us.
1137 1302 1144 1313 ·

112 1408 206 1480 sinapi
216 1410 346 1465 orientale
358 1412 506 1465 maximum
522 1413 589 1484 tupi
601 1413 676 1466 folio.
695 1420 784 1474 Toum.
797 1432 900 1483 cor.17.

112 1476 141 1531 S.
154 1480 301 1532 orientalis.
310 1485 460 1533 Limamoen.
470 1482 542 1534 acad.
556 1488 580 1545 ά.
590 1504 618 1554 p.
631 1485 751 1555 nsso.'sp.
766 1484 828 1551 933.
845 1482 953 1535 Willd.s
971 1482 1014 1535 ,3.
1023 1502 1055 1555 p.
1067 1480 1130 1545 554.
1140 1481 1226 1533 &inlu

149 1548 200 1601 obs.
222 1569 248 1601 n.
274 1554 351 1604 1016.
377 1552 483 1622 00!st
499 1553 538 1616 fr.
555 1559 618 1624 ip.
638 1555 714 1616 645³
736 1554 850 1604 Sclkulu.
866 1553 906 1603 'la
959 1570 1005 1605 .t.
1035 1553 1124 1617 Alii.
1135 1563 1156 1604 t.
1174 1553 1228 1607 186.

148 1625 246 1672 Brown.
259 1621 283 1673 t.
297 1627 364 1674 Kew.
376 1621 416 1674 ed.
426 1641 487 1675 m.
499 1629 524 1686 4.
533 1642 563 1694 p.
580 1625 638 1676 125,
652 1624 795 1694 megst.
808 1635 883 1674 trans.
899 1641 923 1674 ι.
937 1643 967 1695 p.
988 1639 1003 1674 s
1024 1623 1068 1674 8.·

114 1712 144 1772 β.
157 1712 184 1763 S.
202 1712 317 1787 hlsplda.
328 1715 407 1768 Baths
419 1720 486 1770 misc.
494 1737 522 1788 p.
537 1717 580 1770 33.
593 1736 643 1768 non
654 1718 769 1772 Sclsousb.

114 1803 184 1859 ttab.
209 1809 237 1859 in
261 1810 375 1863 Oriente
394 1811 555 1879 (Toum),
577 1811 605 1862 in
629 1810 739 1884 Enropl
757 1810 845 1864 media
866 1816 964 1883 nempe
983 1810 1010 1862 in
1032 1808 1229 1884 Transylrsnil

152 1877 283 1948 (Banmg.
294 1882 304 1946 )
315 1918 322 1943 ,
332 1880 480 1949 Mognntioe
496 1880 579 1950 (Κωί.
589 1884 616 1951 ),
630 1882 658 1934 in
673 1899 741 1951 agro
763 1880 901 1934 Leodendi
922 1893 948 1933 et
972 1879 1150 1934 Arduenensi
1168 1884 1230 1949 (le-

145 1949 257 2017 jam),
280 1948 467 2020 Andegavensi
485 1953 497 2020 (
512 1954 641 2020 emon),
659 1951 838 2004 Neocomensi
859 1953 872 2020 (
891 1951 1033 2020 cintus),
1052 1950 1083 2003 in
1104 1949 1229 2021 Hisponil

152 2019 163 2084 (
174 2017 237 2087 Lag.
247 2021 258 2087 )
269 2019 425 2084 ,Lusitania
436 2021 530 2090 (Brot.
540 2025 560 2090 ).
571 2026 590 2085 β
602 2021 629 2074 in
642 2019 819 2074 Pedemontio
831 2020 918 2089 (natu
929 2025 951 2090 ).
963 2020 1008 2093 Θ
1019 2023 1032 2065 l
1043 2038 1072 2074 r.
1085 2037 1111 2073 s.
1126 2037 1170 2091 sp.
1182 2024 1193 2089 )

119 2109 221 2162 Similis
238 2110 266 2162 S.
283 2113 389 2166 arvensi
407 2113 453 2166 sed
471 2115 504 2168 sb
523 2118 553 2166 ea
566 2126 594 2167 et
607 2115 641 2167 ab
655 2115 783 2167 omnibns
804 2113 898 2168 diflert
921 2114 1029 2187 siliquis
1047 2113 1230 2167 subteretibos

152 2180 223 2251 pilos
241 2181 374 2251 rigidnlos
390 2185 576 2238 subretrorsos
592 2184 720 2256 parvulos
740 2185 913 2252 gerentibus,
927 2197 1019 2237 rostro
1031 2198 1129 2238 tamen
1142 2183 1229 2254 glabro

150 2251 313 2304 terminatis.
332 2252 424 2307 Planta
437 2255 492 2306 feris
502 2255 604 2323 glabra.
621 2254 712 2306 Caulis
726 2266 831 2306 erectus
855 2252 1031 2336 r·2-pedalis‚
1047 2254 1135 2307 ramis
1147 2253 1231 2307 diver·

154 2321 292 2389 gentibus.
312 2323 385 2376 Folia
403 2324 544 2395 petiolas,
565 2324 693 2376 inferiora
714 2322 990 2395 lyram-pinnatilids,
1013 2324 1082 2375 lobo
1101 2318 1231 2375 terminsli

155 2391 278 2463 repando
293 2392 406 2446 dentato
425 2392 665 2447 ovato-lanceolsto
683 2406 763 2445 scuto
777 2394 913 2457 maxim03
933 2394 1079 2463 superiora
1099 2391 1135 2445 sd
1147 2393 1233 2444 lobon

156 2463 326 2516 terminalem
338 2465 393 2516 lerb
403 2463 522 2517 reducta.
535 2464 627 2515 Flores
639 2462 757 2516 flaviaut
772 2461 871 2516 flavidi.
886 2461 994 2515 Semina
1004 2464 1086 2528 rufa,
1100 2459 1235 2516 inmoto

159 2533 280 2586 abortiva
290 2545 316 2587 et
330 2547 397 2587 tune
409 2535 512 2606 siliquis
520 2533 679 2586 villosiores.

124 2625 191 2679 Vns.
207 2624 224 2683 β
236 2625 318 2679 habet
329 2628 391 2679 folia
410 2617 539 2681 inferiora
557 2628 642 2697 magis
652 2626 858 2703 pinnatipartita
866 2665 874 2694 ‚
883 2625 933 2681 sed
949 2628 1081 2681 coeterism
1093 2626 1190 2683 similis
1202 2636 1237 2678 est

118 2716 122 2722 ·
159 2709 186 2748 et
197 2701 211 2748 i
222 2697 248 2749 S.
261 2696 367 2769 hispida
375 2710 434 2750 toto
443 2698 511 2763 colo
519 2695 634 2765 diversa,

123 2789 232 2862 sitiquae
242 2791 397 2862 speciminis
408 2792 486 2845 herb.
497 2791 578 2844 Linn.
591 2804 656 2845 sunt
670 2793 752 2864 pauli)
763 2791 916 2847 evidentibus
926 2804 1051 2845 costato:
1062 2810 1101 2845 an
1113 2790 1240 2845 diremi

159 2866 251 2914 nostri
263 2880 272 2925 ;
284 2859 319 2913 ad
333 2874 453 2915 nostram
467 2861 587 2914 alludere
601 2860 730 2923 videntur
739 2862 774 2916 cl.
784 2862 894 2916 Gmsliu
904 2861 1115 2914 etBieberstein
1123 2861 1240 2914 dioentss

161 2931 187 2982 S.
207 2949 349 2999 areensem
367 2931 471 2993 variare
491 2930 596 3003 siliquis
614 2932 727 2989 hirsutis
741 2945 769 2986 et
782 2933 871 2991 lorssu
890 2931 965 2984 enim
983 2934 1044 3004 jam
1060 2931 1241 2989 innuentibus

160 3002 298 3055 veteribus
312 3021 363 3074 pro
374 3004 447 3054 merl
461 3001 487 3052 S.
501 3000 622 3054 a‘rvensis
634 3002 762 3055 varietate
772 3001 948 3056 admittenda.

176 3150 234 3195 20.
264 3124 413 3218 Sinopis
436 3121 669 3196 Timoriann.
767 3159 771 3167 ·

125 3274 156 3339 S.
184 3273 317 3426 siliguis
347 3271 473 3361 glabris
494 3272 799 3362 multangularibus
827 3271 986 3347 torulosis
1011 3288 1129 3339 rostro
1153 3271 1248 3345 tenui

172 3385 237 3452 qua
265 3363 364 3452 ruplb
375 3361 609 3451 longioribus,
623 3362 718 3428 caule
735 3361 896 3449 foliisque
909 3360 1047 3450 glabris.

53 3550 59 3558 ,
127 3501 195 3559 llab.
210 3502 239 3554 in
250 3499 338 3552 insull
350 3499 456 3552 Timor.
476 3503 520 3567 (v.
532 3518 553 3551 s.
566 3517 607 3569 sp.
617 3498 647 3549 in
658 3498 736 3552 herb.
749 3497 821 3550 Mus.
831 3494 924 3565 Pur.)·

130 3595 214 3649 Valde
228 3593 330 3648 secedit
341 3593 376 3646 ud
385 3596 414 3646 S.
426 3612 565 3646 arvensem
576 3591 623 3645 sed
635 3592 703 3659 mibi
714 3591 839 3645 distincta
853 3588 963 3645 vitietur
983 3606 1023 3643 ιο.
1038 3589 1130 3645 herbt
1142 3589 1253 3645 omnini

164 3666 256 3734 glabri
269 3684 318 3718 noc
329 3663 453 3735 hispida;
471 3679 508 3714 ²⁰.
522 3662 593 3715 loliis
606 3661 719 3718 caulinis
731 3661 816 3732 magis
833 3659 958 3728 oblongis
978 3659 1101 3730 integris
1118 3660 1254 3713 subacutis

165 3739 220 3798 tine
233 3733 328 3787 nitidis
339 3735 395 3787 fore
407 3718 635 3795 membranacRn
649 3730 687 3784 3⁰.
697 3730 838 3813 pedioellis
850 3728 936 3801 duplo
948 3729 1146 3800 longioribus,
1160 3734 1253 3801 nempt

164 3805 337 3886 sslilormibus
351 3803 427 3867 alin.
441 3802 529 3871 longis
539 3821 549 3869 ;
561 3808 599 3866 4⁰.
614 3800 718 3881 siliquis
728 3799 873 3855 simillimis
885 3796 932 3853 setl
948 3813 1043 3855 rostro
1054 3798 1193 3855 breviore
1202 3811 1253 3855 terr

165 3889 282 3936 mutnus.
