2632 4612
304 321 307 325 .
413 268 783 369 ,ennarrans
1098 264 1184 345 scs-

1181 332 1194 369 ό

58 392 137 459 silia
154 391 317 458 auriculis
344 393 451 457 acutis
475 395 771 547 sapittata,omnia
787 392 862 496 plirs
887 394 1000 457 minsis
1023 395 1179 484 glauces-

58 483 191 561 centia,
211 482 341 570 integra
366 498 425 549 aut
439 483 514 549 sub(
528 501 649 549 entata.
667 485 803 549 Racemr
818 483 1031 564 terminales,
1055 486 1175 549 multi·

57 569 155 651 flori,
174 572 209 635 in
225 572 417 660 paniculam
435 572 541 637 lanam
567 573 739 663 dispositi,
751 574 873 654 erecti,
890 574 1047 662 elongati.
1070 572 1172 639 Pedi·

58 660 140 726 celli
154 659 347 739 filiformes,
361 661 557 745 ebracteati,'
571 661 728 728 florentes
742 662 930 749 corymbosi
946 662 1066 746 erecti,
1081 664 1173 728 fruc·
1203 728 1206 733 .

57 751 153 853 sileri
165 747 288 816 deflexi
303 750 367 816 sub
378 751 512 817 silicula
528 756 614 843 saepe
629 752 733 842 paulo
750 751 932 818 incrassati.
939 752 1056 819 Flores
1069 752 1173 836 lutei,

84 862 168 906 arvi.
855 886 862 901 .

58 862 83 995 l
105 929 185 994 Vra.
209 930 335 995 Omnes
358 928 462 1016 hujus
478 931 616 1019 generis
633 931 762 1019 species
778 930 923 995 seculam
943 933 1118 995 caeruleam
1135 933 1173 995 in

59 1035 131 1084 arte
145 1019 303 1083 tinctoris
323 1020 414 1084 rarii
429 1019 616 1085 adhibitam
630 1020 858 1110 suppeditant.
876 1021 954 1085 llaec
972 1021 1081 1085 fecula
1092 1043 1175 1095 om·

59 1107 294 1199 ninoindigoi
308 1108 430 1175 similis
444 1109 701 1199 feliciterbnjus
713 1108 919 1175 succedanea
931 1126 991 1177 aut
999 1108 1171 1199 adjutoria

60 1195 225 1281 admissa,
236 1202 420 1288 praesertim
436 1221 476 1264 ex
490 1199 614 1265 Isatide
626 1198 783 1265 tinctorid
800 1197 842 1264 ad
857 1198 951 1266 hunc
963 1222 1064 1264 usum
1085 1202 1175 1265 cultai

60 1287 209 1353 elicitur.
773 1332 776 1337 -

69 1446 76 1471 ι
104 1378 200 1443 Hiar.
222 1377 357 1465 Species
372 1377 532 1465 usquead
545 1379 767 1445 Persoonium
781 1379 940 1447 dantum
954 1392 1164 1459 notae‚nunc

58 1469 243 1558 praesertim
261 1490 300 1531 ex
323 1467 621 1533 observationibus
643 1486 677 1533 et
692 1468 936 1557 speciminibus
958 1468 1034 1533 acl.
1050 1468 1173 1534 Steven

58 1577 196 1649 mecum
208 1556 412 1643 amicissime
429 1558 706 1639 communicatis,
722 1582 758 1641 ¹7
774 1559 926 1649 cognitae.

104 1648 179 1711 One.
204 1646 319 1730 Genus
342 1646 628 1712 naturalissimum
647 1648 824 1738 speciebus
838 1649 928 1712 inter
940 1668 974 1713 se
987 1645 1084 1711 valde
1097 1646 1174 1711 affi-

56 1735 169 1803 nibus.
180 1752 214 1800 et
228 1738 324 1801 caute
336 1734 588 1828 distinguendis
610 1755 784 1818 constans,
799 1742 817 1801 a
833 1736 971 1802 Linnaso
988 1736 1032 1801 ob
1047 1736 1173 1825 stylum

55 1825 194 1891 nullum
219 1826 310 1890 inter
328 1826 382 1889 sili
408 1834 524 1909 cosas,
547 1830 566 1891 a
591 1828 761 1917 plerisque
785 1827 830 1893 ob
857 1827 1023 1893 siliculam
1052 1828 1174 1915 saepiits

56 1913 290 1989 abbreviatam
310 1916 345 1979 in
364 1851 547 1982 siliculosis
568 1933 783 2003 numeratum
799 1934 833 1981 et
843 1919 921 1982 rere
943 1917 1174 1981 interutram·

57 2026 129 2093 que
139 2004 342 2071 divisionem
360 2004 523 2071 medium.
604 2004 608 2011 '
858 2012 865 2027 ⁸

104 2094 183 2159 Dav.
206 2096 254 2159 Ex
272 2094 412 2159 siliculae
428 2096 536 2160 formd
559 2096 594 2159 in
618 2095 700 2161 duas
716 2096 881 2160 sectiones
896 2093 982 2163 adeo
997 2094 1172 2161 distinctas

56 2199 100 2248 ut
113 2178 273 2248 nonnulli
297 2207 360 2275 pro
374 2206 497 2275 genera
512 2184 643 2250 diversa
663 2184 872 2266 babuerunt,
895 2180 954 2248 sed
978 2184 1173 2249 Plantarum

56 2272 199 2340 babitus
225 2274 311 2342 adeo
340 2274 462 2343 similis
487 2291 525 2340 ut
549 2297 655 2364 genus
682 2275 824 2353 illaesum
850 2272 1054 2339 servandum
1084 2274 1173 2340 mihi

54 2361 225 2429 rideatur.

56 2451 147 2517 Sect.
170 2454 199 2517 1.
222 2452 428 2518 Sauream.
451 2453 592 2519 Silicula
610 2453 715 2519 ovalis
732 2469 791 2518 aut
803 2452 1174 2541 orbiculata,margine

13 2610 16 2615 ,
102 2542 171 2608 lato
192 2541 608 2609 foliaceo-membranaceo
612 2584 993 2610 ............
1018 2541 1073 2632 Sp.
1100 2540 1171 2609 t·5.

53 2631 146 2701 Sect.
168 2633 214 2699 11.
237 2632 405 2698 Gnssrnn.
423 2633 575 2715 ¹Silicula
598 2632 744 2724 oblonga
767 2631 940 2699 suberoso.
964 2679 972 2697 .
995 2630 1051 2721 Sp.
1076 2629 1171 2718 ⁶·17·

416 2797 503 2865 Sect.
528 2822 552 2865 1.
574 2819 810 2864 sausnsnra.

138 2963 314 3025 Samernria.
325 2963 527 3034 Dasv.joum.
542 2960 572 3022 3.
582 2983 615 3039 p.
634 2958 698 3019 161.
710 2975 729 3019 t.
744 2975 793 3034 24.
802 2962 834 3029 f.
852 2961 882 3017 6.
996 2998 999 3002 -

102 3094 183 3159 Cin.
205 3092 344 3183 Silicula
371 3091 474 3160 oralia
492 3106 550 3159 aut
576 3088 782 3173 orbiculata,
797 3086 1095 3171 indebiscens2a1l
1107 3086 1174 3155 lata

55 3183 471 3252 foliaceomembranacea
484 3182 605 3248 cincta.

112 3346 144 3393 1.
171 3319 278 3393 Isatis
297 3318 464 3392 Garcini.

55 3445 85 3523 I.
99 3442 242 3530 siliculis
253 3440 320 3507 late
337 3438 534 3531 marginatis
546 3440 697 3517 oboyatis
709 3440 782 3505 basi
792 3440 944 3506 cuneatis
955 3439 1176 3530 subpedicel«

101 3533 178 3596 latis
193 3530 288 3620 apice
303 3529 530 3605 obtusissimis
544 3528 813 3597 bituberculatis.

55 3645 173 3717 Alysson
191 3643 330 3696 Persicum
344 3640 513 3711 Plantagiais
526 3640 643 3712 aquatici
661 3640 726 3694 lolio
747 3639 917 3695 rotundiore.
940 3600 1048 3695 deinl
1068 3643 1093 3693 in
1106 3638 1176 3693 berb.

83 3723 174 3771 sum.
186 3712 350 3765 nancDeless.
988 3720 991 3724 '

53 3780 171 3837 Peltaria
190 3783 312 3837 Garcini.
325 3780 458 3852 Burmlfl.
470 3780 521 3832 incl.
538 3780 596 3849 139.
607 3792 624 3833 t.
639 3782 681 3844 46.
688 3774 714 3845 s.
729 3798 752 3834 ι.
771 3779 894 3853 Wild.sp.
908 3779 932 3832 3.
941 3800 973 3852 p.
987 3785 1047 3855 ψ.
1063 3778 1136 3831 suet
1148 3783 1174 3831 in

55 3854 295 3989 Haboeincylldmidll
304 3856 402 3975 dicein
414 3925 434 3992 ).
445 3921 482 3994 (ᾖ
490 3920 503 3973 l
511 3923 521 3989 (
530 3937 557 3972 v.
569 3939 591 3971 s.
603 3938 644 3992 sp.
656 3918 685 3973 ln
699 3920 727 3972 h.
737 3919 840 3972 Delma.
853 3921 866 3989 )
943 3924 949 3933 “

57 3994 286 4062 (lamberentur,
299 4005 390 4061 teres,
404 3988 765 4068 glabenpallidomtenuia.
783 3988 858 4043 Folia
868 3986 997 4042 interiore
1004 3986 1107 4062 petiole
1117 3986 1180 4043 lero·
