2640 4626
99 331 169 405 582
331 335 571 403 DICOTYL.
598 356 670 403 suu
697 331 981 404 EXOGENAE.

5 459 8 465 '
101 454 224 523 candia
247 455 370 543 siliqua
384 458 558 546 tetragona
571 470 610 519 ut
628 455 820 543 Erysimurn
838 452 1005 533 donatur,
1020 451 1218 541 Dyplotaxis

100 544 288 612 seminibus
302 545 471 611 biseriatis
490 562 529 609 ut
542 545 687 609 Turritis
712 545 784 634 ipsa
807 541 1041 632 distinguitur.
1055 541 1166 608 Enim
1178 567 1218 611 ex

100 637 186 723 stylo
216 636 376 724 ampliato
399 634 441 699 ad
465 635 597 701 Velleas
617 634 714 700 valde
741 632 872 698 accedit
891 649 926 696 et
949 631 1062 714 forsan
1089 634 1217 723 species

102 726 333 815 brachycarpae
345 725 501 815 generice
516 724 765 816 distinguendae
777 723 865 789 etad
879 722 1013 788 Velleas
1031 723 1216 790 referenda

103 832 191 880 sunt.
952 840 955 851 r

439 956 600 1021 LXXII.
629 953 879 1021 BRASSIGA.

184 1106 315 1180 Brassica
336 1125 381 1197 aa
403 1141 422 1193 a
441 1134 471 1179 et
490 1124 604 1201 Napus.
623 1123 743 1193 Tonas.
759 1123 825 1180 inst.
836 1141 871 1199 p.
885 1135 955 1202 219.
983 1117 1043 1201 228
1063 1136 1094 1181 et
1107 1139 1177 1201 229.
1197 1138 1217 1183 t.

229 1200 287 1264 106
301 1219 329 1262 et
339 1225 350 1263 1
361 1141 407 1262 sl.
418 1237 459 1248 -
470 1206 599 1263 Brassica
613 1217 642 1262 et
655 1206 748 1285 Rapa.
766 1198 971 1277 Aninafam.
990 1220 1018 1263 a.
1037 1226 1072 1278 p.
1096 1207 1169 1281 417.
1180 1236 1217 1251 -

225 1286 429 1428 gzreatzsingsp.
457 1289 527 1344 Lus.
551 1289 630 1344 Juss.
654 1288 753 1354 Lare,
778 1297 834 1343 etc.
859 1316 899 1330 -
917 1284 1058 1344 Brassica.
1083 1291 1217 1347 Hercu.

147 1500 229 1565 Cau.
253 1500 355 1588 Calyx
380 1501 452 1564 basi
469 1497 623 1588 aequalis,
640 1488 771 1564 erectus
791 1515 849 1564 aut
869 1499 976 1564 rarius
992 1499 1218 1590 semi-patens.

101 1590 214 1655 Petala
230 1588 338 1654 limbo
353 1590 506 1655 obovat0.
521 1590 672 1654 Stamina
690 1590 816 1671 libera,
832 1591 972 1681 integra.
986 1590 1125 1679 Siliqua
1138 1608 1218 1657 tere·

102 1679 264 1762 tiuscula‚
288 1678 505 1763 bilocularis,
526 1680 685 1762 bivalvis,
708 1679 830 1745 loculis
853 1679 1080 1769 polyspermis
1093 1730 1105 1756 ‚
1119 1683 1217 1748 saluis

104 1769 259 1835 concavis
275 1786 334 1835 aut
347 1793 450 1836 nervo
464 1769 579 1836 medio
593 1771 650 1836 vix
661 1770 884 1836 subcarinatis
894 1817 903 1852 ,
914 1772 1001 1858 stylo
1017 1772 1217 1858 persistente

105 1860 225 1924 conico
237 1882 331 1924 nunc
342 1882 507 1947 aspermo,
517 1883 609 1924 nunc
622 1861 714 1943 intus
730 1882 910 1949 r·spermo.
924 1860 1064 1925 Semina
1077 1860 1116 1929 iu
1129 1863 1217 1928 locu·

104 1950 147 2013 lis
160 1948 363 2031 uniseriatn,
376 1950 589 2043 subglobosu.
604 1949 828 2040 Cotyledones
841 1949 1094 2040 conduplicatae
1104 1952 1118 2039 (
1127 1952 1217 2039 ο»)

148 2039 232 2101 Vns.
256 2038 377 2104 Herbae
393 2040 512 2131 saepius
526 2040 685 2122 biennes,
701 2040 809 2106 rariirs
821 2063 941 2105 annuae
953 2053 1013 2103 aut
1026 2063 1216 2130 perennes,

102 2143 161 2192 aut
174 2128 367 2194 suffratices
379 2130 519 2196 caudice
534 2130 641 2195 brevi.
664 2131 760 2195 Folia
781 2129 940 2194 radicalia
964 2131 1091 2221 saepiirs
1114 2132 1217 2221 petio·

101 2218 166 2281 lata
180 2218 282 2307 lyrata
297 2236 355 2284 aut
366 2219 567 2310 pinnatifida
577 2245 587 2302 ς
597 2220 731 2285 caulina
740 2221 867 2287 sessilia
879 2236 939 2285 aut
949 2220 1216 2310 amplexioeulia‚

102 2309 242 2398 integra.
268 2310 405 2375 Racemi
426 2311 583 2400 elongati.
605 2308 768 2375 Pedicelli
799 2303 999 2389 ebracteati,
1029 2308 1216 2377 filiformes.

101 2399 216 2463 Flores
233 2397 308 2463 llavi
321 2416 381 2464 aut
395 2402 502 2464 rarius
516 2400 604 2483 albi,
619 2422 682 2464 nec
693 2402 855 2488 purpurei
866 2423 928 2465 nec
938 2401 1073 2466 venosi.

147 2492 222 2553 Ons.
248 2490 362 2555 Genus
377 2492 396 2553 a
409 2491 526 2578 Sinapi
540 2490 651 2578 calyce
671 2508 783 2555 erecto
807 2506 864 2554 aut
886 2490 1067 2557 suberecto
1090 2493 1216 2556 tautum

103 2576 301 2643 distinctum
325 2582 333 2642 !
361 2581 557 2684 Specicrum
587 2579 757 2671 diagnosis
781 2578 987 2665 difficillima
1011 2602 1079 2645 nec
1105 2572 1213 2645 forsab

102 2671 181 2736 satis
196 2685 285 2734 certa
300 2672 468 2760 precipue
486 2671 572 2736 circa
594 2670 713 2757 stirpes
727 2673 796 2758 jam
811 2673 831 2734 i
847 2670 951 2760 longo
972 2683 1133 2761 tempore
1148 2669 1214 2736 cul·

101 2776 159 2823 tas.
173 2758 314 2825 Radices
331 2759 522 2848 plantarum
537 2775 800 2848 spontanearum
814 2760 973 2850 graciles,
993 2762 1083 2855 saepe
1108 2782 1216 2826 crassa

103 2865 137 2913 et
147 2850 335 2914 carnosaein
352 2851 453 2914 cultis
466 2851 639 2915 oleraceis.
653 2852 690 2914 ln
703 2850 858 2940 plurimis
868 2848 1033 2937 stirpibus
1043 2852 1214 2916 varietates

102 2938 297 3026 leptorlrizae
313 2955 351 3002 ut
364 2940 485 3028 plantae
501 2940 649 3005 olciferae
670 2941 705 3011 in
723 2941 810 3031 agris
825 2941 984 3004 coluntur
996 2955 1033 3004 et
1043 2942 1213 3006 varietates

101 3029 317 3092 macrochizae
335 3045 373 3093 ut
388 3029 510 3119 plantae
527 3031 705 3095 esculentas
718 3031 754 3094 in
770 3030 877 3094 hortis
889 3028 1132 3095 admittuntur.

146 3118 219 3180 Drv.
243 3119 358 3182 Genus
374 3143 442 3183 non
457 3120 544 3184 male
556 3118 722 3184 dividitur
737 3121 773 3184 in
788 3120 955 3187 sectiones
971 3135 1061 3201 tres,
1074 3120 1209 3208 nempi:

101 3207 186 3272 Sect.
212 3209 238 3270 Ι.
263 3211 433 3275 Brassica,
457 3210 587 3301 Siliqua
608 3210 749 3296 sessilis,
770 3226 879 3275 rostro
903 3208 1001 3293 nullo
1025 3225 1089 3275 aut
1107 3229 1212 3300 asper·

147 3319 203 3360 mo
205 3342 983 3365 ........................
989 3332 1017 3363 ·.
1094 3346 1102 3363 .
1130 3318 1211 3364 1·r·.

99 3387 185 3452 Sect.
207 3380 253 3451 II.
278 3389 512 3462 Enucsscnnu.
536 3390 667 3478 Siliqua
688 3389 829 3473 sessilis,
842 3376 956 3454 rostro
976 3290 1211 3479 instilis-spei·

146 3499 212 3541 mo.
237 3525 255 3541 ..
270 3522 991 3545 ......................
1017 3478 1076 3567 Sp.
1103 3476 1209 3563 sil-27·
1255 3452 1258 3575 l

99 3565 185 3631 Sect.
202 3562 532 3653 llI.Mrcnonon1csr.
551 3570 681 3658 Siliqua
695 3568 843 3634 breviter
857 3567 1016 3658 stipitata.
1033 3570 1094 3659 Sp.
1109 3566 1209 3652 2849·
1256 3578 1258 3601 '

142 3657 169 3739 †
192 3657 327 3748 Species
347 3681 414 3722 non
435 3659 512 3723 satis
530 3676 618 3725 notae
642 3702 992 3725 ...........
1017 3657 1075 3755 Sp.
1102 3655 1208 3735 Soli·

477 3795 563 3862 Sect.
587 3820 611 3861 1.
636 3817 840 3862 nnsssrca.

142 3933 223 4025 Cin.
248 3933 379 4033 Siliqua
411 3933 535 4029 sessilis
565 3953 680 4019 rostro¹
699 3935 795 4017 nullo
822 3949 881 4001 aut
911 3934 1036 4031 conicp
1061 3953 1206 4031 asperano

97 4037 261 4110 superata.
879 4048 883 4059 ·
